% Encoding: UTF-8

@Article{siler1979competing,
  author    = {Siler, William},
  title     = {A competing-risk model for animal mortality},
  journal   = {Ecology},
  year      = {1979},
  volume    = {60},
  number    = {4},
  pages     = {750--757},
  owner     = {ugofil},
  publisher = {JSTOR},
  timestamp = {2016.01.05},
}

@Article{whelpton1928population,
  author    = {Whelpton, Pascal K},
  title     = {{Population of the United States, 1925 to 1975}},
  journal   = {American Journal of Sociology},
  year      = {1928},
  pages     = {253--270},
  owner     = {ugofil},
  publisher = {JSTOR},
  timestamp = {2016.10.05},
}

@Article{de2016new,
  author    = {de Beer, Joop and Janssen, Fanny},
  title     = {A new parametric model to assess delay and compression of mortality},
  journal   = {Population Health Metrics},
  year      = {2016},
  volume    = {14},
  note      = {Article number: 46},
  owner     = {ugofil},
  publisher = {BioMed Central},
  timestamp = {2017.04.27},
}

@InBook{forfar2004mortality,
  chapter   = {Mortality laws},
  pages     = {1139--1145},
  title     = {Encyclopedia of actuarial science},
  publisher = {John Wiley \& Sons},
  year      = {2004},
  author    = {Forfar, D. O.},
  editor    = {Teugels, J. L. and Sundt, B.},
}

@Article{li2013extending,
  author    = {Li, Nan and Lee, Ronald and Gerland, Patrick},
  title     = {Extending the {L}ee-{C}arter method to model the rotation of age patterns of mortality decline for long-term projections},
  journal   = {Demography},
  year      = {2013},
  volume    = {50},
  number    = {6},
  pages     = {2037--2051},
  owner     = {ugofil},
  publisher = {Springer},
  timestamp = {2016.12.09},
}

@Article{torri2012forecasting,
  author    = {Torri, Tiziana and Vaupel, James W},
  title     = {Forecasting life expectancy in an international context},
  journal   = {International Journal of Forecasting},
  year      = {2012},
  volume    = {28},
  number    = {2},
  pages     = {519--531},
  owner     = {ugofil},
  publisher = {Elsevier},
  timestamp = {2017.03.18},
}

@Article{shang2011point,
  author    = {Shang, Han Lin and Booth, Heather and Hyndman, Rob},
  title     = {Point and interval forecasts of mortality rates and life expectancy: A comparison of ten principal component methods},
  journal   = {Demographic Research},
  year      = {2011},
  volume    = {25},
  pages     = {173--214},
  owner     = {ugofil},
  timestamp = {2017.11.14},
}

@Book{riley2001rising,
  title     = {Rising life expectancy: a global history},
  publisher = {Cambridge University Press},
  year      = {2001},
  author    = {Riley, James C},
  owner     = {ugofil},
  timestamp = {2016.10.04},
}

@Manual{StMoMoRpackage,
  title     = {StMoMo: An R Package for Stochastic Mortality Modelling},
  author    = {Andres M. Villegas and Pietro Millossovich and Vladimir K. Kaishev},
  year      = {2017},
  note      = {R package version 0.4.0},
  owner     = {ugofil},
  timestamp = {2017.11.14},
  url       = {https://CRAN.R-project.org/package=StMoMo},
}

@InCollection{tabeau2001review,
  author    = {Tabeau, Ewa},
  title     = {A review of demographic forecasting models for mortality},
  booktitle = {Forecasting Mortality in Developed Countries},
  publisher = {Springer},
  year      = {2001},
  pages     = {1--32},
  owner     = {ugofil},
  timestamp = {2016.01.04},
}

@Book{efron1994introduction,
  title     = {An introduction to the bootstrap},
  publisher = {CRC press},
  year      = {1994},
  author    = {Efron, Bradley and Tibshirani, Robert J},
  owner     = {ugofil},
  timestamp = {2017.11.30},
}

@Article{bongaarts2002long,
  author    = {Bongaarts, John and Feeney, Griffith},
  title     = {How long do we live?},
  journal   = {Population and Development Review},
  year      = {2002},
  volume    = {28},
  number    = {1},
  pages     = {13--29},
  owner     = {ugofil},
  publisher = {Wiley Online Library},
  timestamp = {2017.01.23},
}

@Article{schwarz1978estimating,
  author    = {Schwarz, Gideon},
  title     = {Estimating the dimension of a model},
  journal   = {The Annals of Statistics},
  year      = {1978},
  volume    = {6},
  number    = {2},
  pages     = {461--464},
  owner     = {ugofil},
  publisher = {Institute of Mathematical Statistics},
  timestamp = {2016.02.01},
}

@Manual{Rcite,
  title        = {{R}: {A} {L}anguage and {E}nvironment for {S}tatistical {C}omputing},
  author       = {{R Development Core Team}},
  organization = {R Foundation for Statistical Computing},
  address      = {Vienna, Austria},
  year         = {2019},
  owner        = {ugofil},
  timestamp    = {2016.10.05},
  url          = {http://www.R-project.org},
}

@Book{mukhopadhyay2000probability,
  title     = {Probability and statistical inference},
  publisher = {CRC Press},
  year      = {2000},
  author    = {Mukhopadhyay, Nitis},
  owner     = {ugofil},
  timestamp = {2016.02.01},
}

@Article{missov2015mortality,
  author    = {Missov, Trifon I and Vaupel, James W},
  title     = {Mortality implications of mortality plateaus},
  journal   = {SIAM Review},
  year      = {2015},
  volume    = {57},
  number    = {1},
  pages     = {61--70},
  owner     = {ugofil},
  publisher = {SIAM},
  timestamp = {2016.01.05},
}

@Article{vaupel2011life,
  author    = {Vaupel, James W and Zhang, Zhen and van Raalte, Alyson A},
  title     = {Life expectancy and disparity: an international comparison of life table data},
  journal   = {BMJ open},
  year      = {2011},
  volume    = {1},
  number    = {1},
  pages     = {e000128},
  owner     = {ugofil},
  publisher = {British Medical Journal Publishing Group},
  timestamp = {2016.05.12},
}

@Article{jacobsen2006causes,
  author    = {Jacobsen, Rune and Keiding, Niels and Lynge, Elsebeth},
  title     = {Causes of death behind low life expectancy of {D}anish women},
  journal   = {Scandinavian Journal of Public Health},
  year      = {2006},
  volume    = {34},
  number    = {4},
  pages     = {432--436},
  publisher = {Sage Publications Sage UK: London, England},
}

@Book{pfaff2008analysis,
  title     = {Analysis of integrated and cointegrated time series with {R}},
  publisher = {Springer Science \& Business Media},
  year      = {2008},
  author    = {Pfaff, Bernhard},
  owner     = {ugofil},
  timestamp = {2017.05.26},
}

@Article{cheung2009dissecting,
  author    = {Cheung, Siu Lan Karen and Robine, Jean-Marie and Paccaud, Fred and Marazzi, Alfio},
  title     = {{Dissecting the compression of mortality in Switzerland, 1876-2005}},
  journal   = {Demographic Research},
  year      = {2009},
  volume    = {21},
  pages     = {569--598},
  doi       = {10.4054/DemRes.2009.21.19},
  owner     = {ugofil},
  timestamp = {2017.11.22},
}

@Article{weibull1951statistical,
  author    = {Weibull, Waloddi},
  title     = {A Statistical Distribution Function of Wide Applicability},
  journal   = {Journal of Applied Mechanics},
  year      = {1951},
  volume    = {103},
  pages     = {293--297},
  owner     = {ugofil},
  timestamp = {2016.01.05},
}

@Article{brillinger1986biometrics,
  author    = {Brillinger, David R},
  title     = {A biometrics invited paper with discussion: The Natural Variability of Vital Rates and Associated Statistics},
  journal   = {Biometrics},
  year      = {1986},
  volume    = {42},
  number    = {4},
  pages     = {693--734},
  owner     = {ugofil},
  publisher = {JSTOR},
  timestamp = {2016.01.04},
}

@Article{heligman1980age,
  author    = {Heligman, Larry and Pollard, John H},
  title     = {The age pattern of mortality},
  journal   = {Journal of the Institute of Actuaries},
  year      = {1980},
  volume    = {107},
  number    = {01},
  pages     = {49--80},
  owner     = {ugofil},
  publisher = {Cambridge Univ Press},
  timestamp = {2016.01.05},
}

@Article{kostaki1992nine,
  author    = {Anastasia Kostaki},
  title     = {A nine-parameter version of the {Heligman-Pollard} formula},
  journal   = {Mathematical Population Studies},
  year      = {1992},
  volume    = {3},
  number    = {4},
  pages     = {277--288},
  month     = {jul},
  doi       = {10.1080/08898489209525346},
  publisher = {Informa {UK} Limited},
}

@Article{Wilmoth2007,
  author    = {Wilmoth, J.R. and Andreev, K. and Jdanov, D. and Glei, D.A. and C., Boe. and Bubenheim, M. and Philipov, D. and Shkolnikov, V. and Vachon, P.},
  title     = {{Methods Protocol for the Human Mortality Database. Last Revised: May 31, 2007 (Version 5)}},
  year      = {2007},
  owner     = {ugofil},
  timestamp = {2016.07.03},
  url       = {http://www.mortality.org/Public/Docs/MethodsProtocol.pdf},
}

@Article{mullen2011deoptim,
  author    = {Katharine Mullen and David Ardia and David Gil and Donald Windover and James Cline},
  title     = {{DEoptim}: An {R} Package for Global Optimization by Differential Evolution},
  journal   = {Journal of Statistical Software},
  year      = {2011},
  volume    = {40},
  number    = {6},
  pages     = {1--26},
  owner     = {ugofil},
  timestamp = {2018.05.30},
  url       = {http://www.jstatsoft.org/v40/i06/},
}

@Article{shkolnikov2003gini,
  author    = {Shkolnikov, Vladimir M and Andreev, Evgueni E and Begun, Alexander Z},
  title     = {Gini coefficient as a life table function: computation from discrete data, decomposition of differences and empirical examples},
  journal   = {Demographic Research},
  year      = {2003},
  volume    = {8},
  pages     = {305--358},
  owner     = {ugofil},
  timestamp = {2015.05.02},
}

@Article{cairns2009quantitative,
  author    = {Cairns, Andrew JG and Blake, David and Dowd, Kevin and Coughlan, Guy D and Epstein, David and Ong, Alen and Balevich, Igor},
  title     = {{A quantitative comparison of stochastic mortality models using data from England and Wales and the United States}},
  journal   = {North American Actuarial Journal},
  year      = {2009},
  volume    = {13},
  number    = {1},
  pages     = {1--35},
  owner     = {ugofil},
  publisher = {Taylor \& Francis},
  timestamp = {2018.04.04},
}

@Article{missov2015gompertz,
  author    = {Missov, Trifon I and Lenart, Adam and Nemeth, Laszlo and Canudas-Romo, Vladimir and Vaupel, James W},
  title     = {The {G}ompertz force of mortality in terms of the modal age at death},
  journal   = {Demographic Research},
  year      = {2015},
  volume    = {32},
  pages     = {1031--1048},
  owner     = {ugofil},
  publisher = {Max Planck Institute for Demographic Research, Rostock, Germany},
  timestamp = {2016.01.05},
}

@Article{blake2014sharing,
  author    = {Blake, David and Boardman, Tom and Cairns, Andrew},
  title     = {Sharing longevity risk: Why governments should issue longevity bonds},
  journal   = {North American Actuarial Journal},
  year      = {2014},
  volume    = {18},
  number    = {1},
  pages     = {258--277},
  owner     = {ugofil},
  publisher = {Taylor \& Francis},
  timestamp = {2016.10.05},
}

@Conference{oeppen2013coherent,
  author    = {Oeppen, Jim and Camarda, Carlo Giovanni},
  title     = {Coherent forecasting of multiple-decrement life tables: compositional models for {French Cause of Death} data, 1925-2008},
  booktitle = {Joint Eurostat/UNECE Work Session on Demographic Projections},
  year      = {2013},
  owner     = {ugofil},
  timestamp = {2016.10.05},
}

@Article{cmi1974considerations,
  author    = {{CMI Committee}},
  title     = {Considerations affecting the preparation of standard tables of mortality},
  journal   = {Journal of the Institute of Actuaries},
  year      = {1974},
  volume    = {101},
  number    = {2},
  pages     = {135--216},
  month     = {sep},
  doi       = {10.1017/s0020268100048988},
  publisher = {Cambridge University Press ({CUP})},
}

@Article{pfaff2008var,
  author    = {Pfaff, Bernhard},
  title     = {{VAR, SVAR and SVEC models: Implementation within R package vars}},
  journal   = {Journal of Statistical Software},
  year      = {2008},
  volume    = {27},
  number    = {4},
  pages     = {1--32},
  owner     = {ugofil},
  timestamp = {2017.05.26},
}

@Article{pollard1987projection,
  author    = {Pollard, John H},
  title     = {Projection of age-specific mortality rates.},
  journal   = {Population Bulletin of the United Nations},
  year      = {1987},
  volume    = {21-22},
  pages     = {55--69},
  owner     = {ugofil},
  publisher = {Oxford England Actuarial Education Service 1993.},
  timestamp = {2016.06.27},
}

@Article{kannisto2000measuring,
  author    = {Kannisto, Väinö},
  title     = {Measuring the compression of mortality},
  journal   = {Demographic Research},
  year      = {2000},
  volume    = {3},
  pages     = {doi: 10.4054/DemRes.2000.3.6},
  doi       = {10.4054/DemRes.2000.3.6},
  eprint    = {http://www.demographic-research.org/volumes/vol3/6/3-6.pdf},
  owner     = {ugofil},
  timestamp = {2016.07.04},
  url       = {http://www.demographic-research.org/volumes/vol3/6/},
}

@Article{smits2009length,
  author    = {Smits, Jeroen and Monden, Christiaan},
  title     = {Length of life inequality around the globe},
  journal   = {Social Science \& Medicine},
  year      = {2009},
  volume    = {68},
  number    = {6},
  pages     = {1114--1123},
  owner     = {ugofil},
  publisher = {Elsevier},
  timestamp = {2016.05.03},
}

@Article{cheung2007increase,
  author    = {Cheung, Siu Lan Karen and Robine, Jean-Marie},
  title     = {{Increase in common longevity and the compression of mortality: The case of Japan}},
  journal   = {Population Studies},
  year      = {2007},
  volume    = {61},
  number    = {1},
  pages     = {85--97},
  owner     = {ugofil},
  publisher = {Taylor \& Francis},
  timestamp = {2016.06.30},
}

@Article{seligman2016convergence,
  author    = {Benjamin Seligman and Gabi Greenberg and Shripad Tuljapurkar},
  title     = {Convergence in male and female life expectancy: Direction, age pattern, and causes},
  journal   = {Demographic Research},
  year      = {2016},
  volume    = {34},
  pages     = {1063--1074},
  month     = {jun},
  doi       = {10.4054/demres.2016.34.38},
  publisher = {Max Planck Institute for Demographic Research},
}

@Article{remund2018young,
  author    = {Adrien Remund and Carlo G. Camarda and Tim Riffe},
  title     = {{A Cause-of-Death Decomposition of Young Adult Excess Mortality}},
  journal   = {Demography},
  year      = {2018},
  volume    = {55},
  number    = {3},
  pages     = {957--978},
  month     = {jun},
  doi       = {10.1007/s13524-018-0680-9},
  publisher = {Springer Nature},
}

@Article{raftery2013bayesian,
  author    = {Raftery, Adrian E. and Chunn, Jennifer L. and Gerland, Patrick and {\v{S}}ev{\v{c}}{\'i}kov{\'a}, Hana},
  title     = {Bayesian Probabilistic Projections of Life Expectancy for All Countries},
  journal   = {Demography},
  year      = {2013},
  volume    = {50},
  number    = {3},
  pages     = {777--801},
  owner     = {ugofil},
  timestamp = {2017.03.18},
}

@Book{mckeown1976modern,
  title     = {The modern rise of population},
  publisher = {London: Edward Arnold},
  year      = {1976},
  author    = {McKeown, T.},
}

@Article{janssen2019timing,
  author    = {Fanny Janssen and Joop de Beer},
  title     = {{The timing of the transition from mortality compression to mortality delay in Europe, Japan and the United States}},
  journal   = {Genus},
  year      = {2019},
  volume    = {75},
  note      = {Article number: 10},
  doi       = {10.1186/s41118-019-0057-y},
  publisher = {Springer Nature},
}

@Article{wilmoth1996extreme,
  author    = {Wilmoth, John R and Lundstr{\"o}m, Hans},
  title     = {Extreme longevity in five countries},
  journal   = {European Journal of Population/Revue Europ{\'e}enne de D{\'e}mographie},
  year      = {1996},
  volume    = {12},
  number    = {1},
  pages     = {63--93},
  owner     = {ugofil},
  publisher = {Springer},
  timestamp = {2017.03.29},
}

@InCollection{gampe2010human,
  author    = {Gampe, Jutta},
  title     = {Human mortality beyond age 110},
  booktitle = {Supercentenarians},
  publisher = {Springer},
  year      = {2010},
  pages     = {219--230},
  owner     = {ugofil},
  timestamp = {2016.01.04},
}

@Article{cole1957sketches,
  author    = {L. C. Cole},
  title     = {{Sketches Of General and Comparative Demography}},
  journal   = {Cold Spring Harbor Symposia on Quantitative Biology},
  year      = {1957},
  volume    = {22},
  number    = {0},
  pages     = {1--15},
  month     = {jan},
  doi       = {10.1101/sqb.1957.022.01.004},
  publisher = {Cold Spring Harbor Laboratory},
}

@Article{jacobsen2002long,
  author    = {Jacobsen, R and Keiding, N and Lynge, E},
  title     = {Long term mortality trends behind low life expectancy of {D}anish women},
  journal   = {Journal of Epidemiology {\&} Community Health},
  year      = {2002},
  volume    = {56},
  number    = {3},
  pages     = {205--208},
  month     = {mar},
  doi       = {10.1136/jech.56.3.205},
  publisher = {{BMJ}},
}

@Article{bell1997comparing,
  author    = {Bell, William R},
  title     = {Comparing and Assessing Time Series Methods for Forecasting Age-Specific Fertility and Mortality Rates},
  journal   = {Journal of Official Statistics},
  year      = {1997},
  volume    = {13},
  number    = {3},
  pages     = {279--303},
  owner     = {ugofil},
  timestamp = {2016.06.27},
}

@Article{dawid1999coherent,
  author    = {A. Philip Dawid and Paola Sebastiani},
  title     = {Coherent dispersion criteria for optimal experimental design},
  journal   = {The Annals of Statistics},
  year      = {1999},
  volume    = {27},
  number    = {1},
  pages     = {65--81},
  month     = {mar},
  doi       = {10.1214/aos/1018031101},
  publisher = {Institute of Mathematical Statistics},
}

@Article{van2013perturbation,
  author    = {van Raalte, Alyson A and Caswell, Hal},
  title     = {Perturbation analysis of indices of lifespan variability},
  journal   = {Demography},
  year      = {2013},
  volume    = {50},
  number    = {5},
  pages     = {1615--1640},
  owner     = {ugofil},
  publisher = {Springer},
  timestamp = {2016.10.05},
}

@Article{pascariu2019maximum,
  author    = {Marius D. Pascariu and Adam Lenart and Vladimir Canudas-Romo},
  title     = {The maximum entropy mortality model: forecasting mortality using statistical moments},
  journal   = {Scandinavian Actuarial Journal},
  year      = {2019},
  pages     = {1--25},
  month     = {mar},
  doi       = {10.1080/03461238.2019.1596974},
  publisher = {Informa {UK} Limited},
}

@Article{gage1993decline,
  author    = {Timothy B. Gage},
  title     = {{The Decline of Mortality in England and Wales 1861 to 1964: Decomposition by Cause of Death and Component of Mortality}},
  journal   = {Population Studies},
  year      = {1993},
  volume    = {47},
  number    = {1},
  pages     = {47--66},
  month     = {mar},
  doi       = {10.1080/0032472031000146726},
  publisher = {Informa {UK} Limited},
}

@Article{booth2006demographic,
  author    = {Booth, Heather},
  title     = {Demographic forecasting: 1980 to 2005 in review},
  journal   = {International Journal of Forecasting},
  year      = {2006},
  volume    = {22},
  number    = {3},
  pages     = {547--581},
  owner     = {ugofil},
  publisher = {Elsevier},
  timestamp = {2017.03.18},
}

@Article{haberman2011comparative,
  author    = {Steven Haberman and Arthur Renshaw},
  title     = {A comparative study of parametric mortality projection models},
  journal   = {Insurance: Mathematics and Economics},
  year      = {2011},
  volume    = {48},
  number    = {1},
  pages     = {35--55},
  month     = {jan},
  doi       = {10.1016/j.insmatheco.2010.09.003},
  publisher = {Elsevier {BV}},
}

@Article{keyfitz1982choice,
  author    = {Keyfitz, Nathan},
  title     = {Choice of function for mortality analysis: Effective forecasting depends on a minimum parameter representation},
  journal   = {Theoretical Population Biology},
  year      = {1982},
  volume    = {21},
  number    = {3},
  pages     = {329--352},
  owner     = {ugofil},
  publisher = {Elsevier},
  timestamp = {2016.02.01},
}

@Article{csete2012switzerland,
  author    = {Joanne Csete and Peter J. Grob},
  title     = {Switzerland, {HIV} and the power of pragmatism: Lessons for drug policy development},
  journal   = {International Journal of Drug Policy},
  year      = {2012},
  volume    = {23},
  number    = {1},
  pages     = {82--86},
  month     = {jan},
  doi       = {10.1016/j.drugpo.2011.07.011},
  publisher = {Elsevier {BV}},
}

@Article{edwards2013cost,
  author    = {Edwards, Ryan D},
  title     = {The cost of uncertain life span},
  journal   = {Journal of Population Economics},
  year      = {2013},
  volume    = {26},
  number    = {4},
  pages     = {1485--1522},
  owner     = {ugofil},
  publisher = {Springer},
  timestamp = {2016.11.15},
}

@Article{lynch2001reconsidering,
  author    = {Lynch, Scott M and Brown, J Scott},
  title     = {Reconsidering mortality compression and deceleration: An alternative model of mortality rates},
  journal   = {Demography},
  year      = {2001},
  volume    = {38},
  number    = {1},
  pages     = {79--95},
  owner     = {ugofil},
  publisher = {Springer},
  timestamp = {2017.03.27},
}

@Article{heuveline2002international,
  author    = {Patrick Heuveline},
  title     = {{An International Comparison of Adolescent and Young Adult Mortality}},
  journal   = {The {ANNALS} of the American Academy of Political and Social Science},
  year      = {2002},
  volume    = {580},
  number    = {1},
  pages     = {172--200},
  month     = {mar},
  doi       = {10.1177/000271620258000108},
  publisher = {{SAGE} Publications},
}

@Article{gigliarano2017longevity,
  author    = {Gigliarano, Chiara and Basellini, Ugofilippo and Bonetti, Marco},
  title     = {Longevity and concentration in survival times: the log-scale-location family of failure time models},
  journal   = {Lifetime Data Analysis},
  year      = {2017},
  volume    = {23},
  number    = {2},
  pages     = {254--274},
  owner     = {ugofil},
  publisher = {Springer},
  timestamp = {2016.05.02},
}

@Article{stoeldraijer2013impact,
  author    = {Lenny Stoeldraijer and Coen van Duin and L.J.G van Wissen and Fanny Janssen},
  title     = {{Impact of different mortality forecasting methods and explicit assumptions on projected future life expectancy: The case of the Netherlands}},
  journal   = {Demographic Research},
  year      = {2013},
  volume    = {29},
  pages     = {323--354},
  month     = {aug},
  doi       = {10.4054/demres.2013.29.13},
  publisher = {Max Planck Institute for Demographic Research},
}

@Article{kannisto2001mode,
  author    = {Kannisto, Vaino},
  title     = {Mode and dispersion of the length of life},
  journal   = {Population: An English Selection},
  year      = {2001},
  volume    = {13},
  pages     = {159--171},
  owner     = {ugofil},
  publisher = {JSTOR},
  timestamp = {2016.06.30},
}

@Article{lotka1939theorie,
  author    = {Lotka, Alfred J},
  title     = {{Th{\'e}orie analytique des associations biologiques. Part II. Analyse d{\'e}mographique avec application particuliere al'espece humaine}},
  journal   = {Actualit{\'e}s Scientifiques et Industrielles},
  year      = {1939},
  number    = {780},
  owner     = {ugofil},
  timestamp = {2016.10.05},
}

@Book{chatfield2000time,
  title     = {Time-series forecasting},
  publisher = {Chapman \& Hall/CRC: London},
  year      = {2000},
  author    = {Chatfield, Chris},
  owner     = {ugofil},
  timestamp = {2017.02.13},
}

@Article{barbieri2015data,
  author    = {Barbieri, Magali and Wilmoth, John R and Shkolnikov, Vladimir M and Glei, Dana and Jasilionis, Domantas and Jdanov, Dmitri and Boe, Carl and Riffe, Timothy and Grigoriev, Pavel and Winant, Celeste},
  title     = {{Data Resource Profile: The Human Mortality Database (HMD)}},
  journal   = {International Journal of Epidemiology},
  year      = {2015},
  volume    = {44},
  number    = {5},
  pages     = {1549--1556},
  owner     = {ugofil},
  publisher = {IEA},
  timestamp = {2016.12.05},
}

@Book{smith1977mathematical,
  title     = {{Mathematical Demography. Selected Papers}},
  publisher = {Berlin: Springer--Verlag},
  year      = {1977},
  author    = {Smith, D. and Keyfitz, N.},
}

@Article{whelpton1936empirical,
  author    = {Whelpton, Pascal K},
  title     = {An empirical method of calculating future population},
  journal   = {Journal of the American Statistical Association},
  year      = {1936},
  volume    = {31},
  number    = {195},
  pages     = {457--473},
  owner     = {ugofil},
  publisher = {Taylor \& Francis Group},
  timestamp = {2016.10.05},
}

@Book{graunt1662natural,
  title     = {{Natural and Political Observations Made upon the Bills of Mortality.}},
  publisher = {London. American edition edited by Walter F. Willcox, John Hopkins Press, Baltimore, 1939.},
  year      = {1662},
  author    = {John Graunt},
  owner     = {ugofil},
  timestamp = {2017.11.29},
}

@Article{wei1992accelerated,
  author    = {Wei, Lee-Jen},
  title     = {The accelerated failure time model: a useful alternative to the {C}ox regression model in survival analysis},
  journal   = {Statistics in Medicine},
  year      = {1992},
  volume    = {11},
  number    = {14-15},
  pages     = {1871--1879},
  owner     = {ugofil},
  publisher = {Wiley Online Library},
  timestamp = {2017.01.27},
}

@Article{renshaw2006cohort,
  author    = {Renshaw, Arthur E. and Haberman, Steven},
  title     = {{A cohort-based extension to the Lee--Carter model for mortality reduction factors}},
  journal   = {Insurance: Mathematics and Economics},
  year      = {2006},
  volume    = {38},
  number    = {3},
  pages     = {556--570},
  owner     = {ugofil},
  publisher = {Elsevier},
  timestamp = {2017.09.27},
}

@Article{hyndman2013coherent,
  author    = {Hyndman, Rob J and Booth, Heather and Yasmeen, Farah},
  title     = {Coherent mortality forecasting: the product-ratio method with functional time series models},
  journal   = {Demography},
  year      = {2013},
  volume    = {50},
  number    = {1},
  pages     = {261--283},
  owner     = {ugofil},
  publisher = {Springer},
  timestamp = {2016.04.18},
}

@Article{bardoutsos2018projecting,
  author    = {Anastasios Bardoutsos and Joop de Beer and Fanny Janssen},
  title     = {Projecting delay and compression of mortality},
  journal   = {Genus},
  year      = {2018},
  volume    = {74},
  note      = {Article number: 17},
  doi       = {10.1186/s41118-018-0039-5},
  publisher = {Springer Nature},
}

@Conference{oeppen2008coherent,
  author    = {Oeppen, Jim},
  title     = {Coherent forecasting of multiple-decrement life tables: a test using {J}apanese cause of death data},
  booktitle = {Compositional Data Analysis Conference},
  year      = {2008},
  owner     = {ugofil},
  timestamp = {2016.10.05},
}

@Article{fernandez1998bayesian,
  author    = {Carmen Fern{\'{a}}ndez and Mark F. J. Steel},
  title     = {{On Bayesian Modeling of Fat Tails and Skewness}},
  journal   = {Journal of the American Statistical Association},
  year      = {1998},
  volume    = {93},
  number    = {441},
  pages     = {359--371},
  month     = {mar},
  doi       = {10.1080/01621459.1998.10474117},
  publisher = {Informa {UK} Limited},
}

@Article{chiou2009modeling,
  author    = {Jeng-Min Chiou and Hans-Georg M\"{u}ller},
  title     = {Modeling Hazard Rates as Functional Data for the Analysis of Cohort Lifetables and Mortality Forecasting},
  journal   = {Journal of the American Statistical Association},
  year      = {2009},
  volume    = {104},
  number    = {486},
  pages     = {572--585},
  month     = {jun},
  doi       = {10.1198/jasa.2009.0023},
  publisher = {Informa {UK} Limited},
}

@Article{bennett1983log,
  author    = {Bennett, Steve},
  title     = {Log-logistic Regression Models for Survival Data},
  journal   = {Journal of the Royal Statistical Society. Series C (Applied Statistics)},
  year      = {1983},
  volume    = {32},
  number    = {2},
  pages     = {165--171},
  owner     = {ugofil},
  publisher = {JSTOR},
  timestamp = {2016.01.05},
}

@InCollection{manton1993forecasting,
  author    = {Manton, K. G. and Singer, B. H. and Suzman, R. M.},
  title     = {The Scientific and Policy Needs for Improved Health Forecasting Models for Elderly Populations},
  booktitle = {{Forecasting the Health of Elderly Populations}},
  publisher = {New York: Springer--Verlag},
  year      = {1993},
}

@Article{demoivre1725annuities,
  author    = {DeMoivre, Abraham},
  title     = {{Annuities on Lives: Or, the Valuation of Annuities Upon Any Number of Lives as also of Reversions}},
  journal   = {William Person, London},
  year      = {1725},
  owner     = {ugofil},
  timestamp = {2017.08.25},
}

@Article{oeppen2002broken,
  author    = {Oeppen, Jim and Vaupel, James W},
  title     = {Broken limits to life expectancy},
  journal   = {Science},
  year      = {2002},
  volume    = {296},
  number    = {5570},
  pages     = {1029--1031},
  owner     = {ugofil},
  timestamp = {2016.05.02},
}

@InCollection{mesle2011historical,
  author    = {Mesl{\'e}, France and Vallin, Jacques},
  title     = {Historical trends in mortality},
  booktitle = {{International Handbook of Adult Mortality}},
  publisher = {Springer},
  year      = {2011},
  editor    = {Rogers, G. Richard and Crimmins, M. Eileen},
  pages     = {9--47},
  owner     = {ugofil},
  timestamp = {2016.06.27},
}

@Article{sasson2016trends,
  author    = {Sasson, Isaac},
  title     = {{Trends in Life Expectancy and Lifespan Variation by Educational Attainment: United States, 1990--2010}},
  journal   = {Demography},
  year      = {2016},
  volume    = {53},
  number    = {2},
  pages     = {269--293},
  owner     = {ugofil},
  publisher = {Springer},
  timestamp = {2016.11.15},
}

@Book{meeker2014statistical,
  title     = {Statistical methods for reliability data},
  publisher = {John Wiley \& Sons},
  year      = {2014},
  author    = {Meeker, William Q and Escobar, Luis A},
  owner     = {ugofil},
  timestamp = {2018.05.22},
}

@Article{aburto2018potential,
  author    = {Aburto, Jos{\'e} Manuel and Wensink, Maarten and van Raalte, Alyson and Lindahl-Jacobsen, Rune},
  title     = {Potential gains in life expectancy by reducing inequality of lifespans in {D}enmark: an international comparison and cause-of-death analysis},
  journal   = {BMC Public Health},
  year      = {2018},
  volume    = {18},
  number    = {1},
  pages     = {831},
  owner     = {ugofil},
  publisher = {BioMed Central},
  timestamp = {2018.08.02},
}

@Article{canudas2010three,
  author    = {Canudas-Romo, Vladimir},
  title     = {Three measures of longevity: Time trends and record values},
  journal   = {Demography},
  year      = {2010},
  volume    = {47},
  number    = {2},
  pages     = {299--312},
  owner     = {ugofil},
  publisher = {Springer},
  timestamp = {2016.06.27},
}

@Book{lawless2011statistical,
  title     = {{Statistical Models and Methods for Lifetime Data}},
  publisher = {John Wiley \& Sons},
  year      = {2011},
  author    = {Lawless, Jerald F},
  volume    = {362},
  owner     = {ugofil},
  timestamp = {2018.05.22},
}

@Article{lexis1878duree,
  author  = {Lexis, Wilhelm Hector Richard Albrecht},
  title   = {Sur la dur{\'e}e normale de la vie humaine et sur la th{\'e}orie de la stabilit{\'e} des rapports statistiques},
  journal = {Annales de D{\'e}mographie Internationale},
  year    = {1878},
  volume  = {2},
  number  = {5},
  pages   = {447--460},
}

@Book{United2019wpp,
  title     = {{World Population Prospects 2019: Highlights. ST/ESA/SER.A/423}},
  publisher = {Department of Economic and Social Affairs, Population Division},
  year      = {2019},
  author    = {{United Nations}},
  address   = {New York, NY},
  owner     = {ugofil},
  timestamp = {2016.04.09},
}

@Article{ouellette2012regional,
  author    = {Nadine Ouellette and Robert Bourbeau and Carlo G. Camarda},
  title     = {Regional disparities in {C}anadian adult and old-age mortality: A comparative study based on smoothed mortality ratio surfaces and age at death distributions},
  journal   = {Canadian Studies in Population},
  year      = {2012},
  volume    = {39},
  number    = {3-4},
  pages     = {79--106},
  month     = {feb},
  doi       = {10.25336/p61p53},
  publisher = {University of Alberta Libraries},
}

@Article{myers1984compression,
  author    = {Myers, George C and Manton, Kenneth G},
  title     = {{Compression of Mortality: Myth or Reality?}},
  journal   = {The Gerontologist},
  year      = {1984},
  volume    = {24},
  number    = {4},
  pages     = {346--353},
  owner     = {ugofil},
  publisher = {Oxford University Press},
  timestamp = {2017.02.16},
}

@Article{camarda2012mortalitysmooth,
  author    = {Carlo G. Camarda},
  title     = {{MortalitySmooth: An \texttt{R} Package for Smoothing Poisson Counts with $P$-Splines}},
  journal   = {Journal of Statistical Software},
  year      = {2012},
  volume    = {50},
  pages     = {1--24},
  note      = {Available on \texttt{www.jstatsoft.org/v50/i01}},
  owner     = {ugofil},
  timestamp = {2016.10.06},
}

@Conference{vallin2016highest,
  author    = {Vallin, Jacques and Mesl{\'e}, France},
  title     = {{Highest Life Expectancies: Which Leader After Japan?}},
  booktitle = {Annual Meeting of the Population Association of America, Washington D.C.},
  year      = {2016},
  owner     = {ugofil},
  timestamp = {2018.05.23},
}

@Article{vallin2004convergences,
  author    = {Vallin, Jacques and Mesl{\'e}, France},
  title     = {Convergences and divergences in mortality: A new approach of health transition},
  journal   = {Demographic Research},
  year      = {2004},
  volume    = {2},
  pages     = {11--44},
  owner     = {ugofil},
  timestamp = {2017.11.15},
}

@InCollection{vaupel1994longer,
  author    = {Vaupel, James and Lundstr{\"o}m, Hans},
  title     = {Longer life expectancy? {E}vidence from {S}weden of reductions in mortality rates at advanced ages},
  booktitle = {Studies in the Economics of Aging},
  publisher = {University of Chicago Press},
  year      = {1994},
  pages     = {79--102},
  owner     = {ugofil},
  timestamp = {2017.03.29},
}

@Article{gompertz1825nature,
  author    = {Gompertz, Benjamin},
  title     = {On the nature of the function expressive of the law of human mortality, and on a new mode of determining the value of life contingencies},
  journal   = {Philosophical Transactions of the Royal Society of London},
  year      = {1825},
  volume    = {115},
  pages     = {513--583},
  owner     = {ugofil},
  publisher = {JSTOR},
  timestamp = {2016.01.04},
}

@Article{booth2002applying,
  author    = {Booth, Heather and Maindonald, John and Smith, Len},
  title     = {Applying {Lee-Carter} under conditions of variable mortality decline},
  journal   = {Population Studies},
  year      = {2002},
  volume    = {56},
  number    = {3},
  pages     = {325--336},
  owner     = {ugofil},
  publisher = {Taylor \& Francis},
  timestamp = {2017.09.27},
}

@Article{gupta1994location,
  author    = {Gupta, AK and Sz{\'e}kely, GJ},
  title     = {On location and scale maximum likelihood estimators},
  journal   = {Proceedings of the American Mathematical Society},
  year      = {1994},
  volume    = {120},
  number    = {2},
  pages     = {585--589},
  owner     = {ugofil},
  timestamp = {2017.09.01},
}

@Article{renshaw2008simulation,
  author    = {Renshaw, A. E. and Haberman, S.},
  title     = {{On simulation-based approaches to risk measurement in mortality with specific reference to Poisson Lee{\textendash}Carter modelling}},
  journal   = {Insurance: Mathematics and Economics},
  year      = {2008},
  volume    = {42},
  number    = {2},
  pages     = {797--816},
  month     = {apr},
  doi       = {10.1016/j.insmatheco.2007.08.009},
  publisher = {Elsevier {BV}},
}

@Article{thompson1981composite,
  author    = {Thompson, R and Baker, RJ},
  title     = {{Composite Link Functions in Generalized Linear Models}},
  journal   = {Applied Statistics},
  year      = {1981},
  volume    = {30},
  number    = {2},
  pages     = {125--131},
  owner     = {ugofil},
  publisher = {JSTOR},
  timestamp = {2018.02.21},
}

@Article{thiele1871mathematical,
  author    = {Thiele, Thorvald Nicolai},
  title     = {{On a mathematical formula to express the rate of mortality throughout the whole of life, tested by a series of observations made use of by the Danish Life Insurance Company of 1871}},
  journal   = {Journal of the Institute of Actuaries and Assurance Magazine},
  year      = {1871},
  volume    = {16},
  number    = {5},
  pages     = {313--329},
  owner     = {ugofil},
  publisher = {JSTOR},
  timestamp = {2016.10.04},
}

@Article{li2005coherent,
  author    = {Li, Nan and Lee, Ronald},
  title     = {Coherent mortality forecasts for a group of populations: {A}n extension of the {L}ee-{C}arter method},
  journal   = {Demography},
  year      = {2005},
  volume    = {42},
  number    = {3},
  pages     = {575--594},
  owner     = {ugofil},
  publisher = {Springer},
  timestamp = {2016.06.27},
}

@Article{raftery2014bayesian,
  author    = {Adrian E. Raftery and Leontine Alkema and Patrick Gerland},
  title     = {{Bayesian Population Projections for the United Nations}},
  journal   = {Statistical Science},
  year      = {2014},
  volume    = {29},
  number    = {1},
  pages     = {58--68},
  month     = {feb},
  doi       = {10.1214/13-sts419},
  publisher = {Institute of Mathematical Statistics},
}

@Article{ouellette2011changes,
  author    = {Ouellette, Nadine and Bourbeau, Robert},
  title     = {Changes in the age-at-death distribution in four low mortality countries: {A} nonparametric approach},
  journal   = {Demographic Research},
  year      = {2011},
  volume    = {25},
  pages     = {595--628},
  owner     = {ugofil},
  timestamp = {2016.10.05},
}

@InCollection{maddison2006contours,
  author    = {Maddison, Angus},
  title     = {{The Contours of World Development}},
  booktitle = {{The World Economy. Volume 1: A Millennial Perspective and Volume 2: Historical Statistics}},
  publisher = {{OECD Publishing}},
  year      = {2006},
  owner     = {ugofil},
  timestamp = {2016.06.27},
}

@Article{plat2009stochastic,
  author    = {Richard Plat},
  title     = {On stochastic mortality modeling},
  journal   = {Insurance: Mathematics and Economics},
  year      = {2009},
  volume    = {45},
  number    = {3},
  pages     = {393--404},
  month     = {dec},
  doi       = {10.1016/j.insmatheco.2009.08.006},
  publisher = {Elsevier {BV}},
}

@Article{booth2008mortality,
  author    = {Booth, Heather and Tickle, Leonie},
  title     = {Mortality modelling and forecasting: A review of methods},
  journal   = {Annals of Actuarial Science},
  year      = {2008},
  volume    = {3},
  number    = {1-2},
  pages     = {3--43},
  owner     = {ugofil},
  publisher = {Cambridge Univ Press},
  timestamp = {2015.05.02},
}

@Article{janssen2013smoking,
  author    = {Fanny Janssen and Leo J. G. van Wissen and Anton E. Kunst},
  title     = {Including the Smoking Epidemic in Internationally Coherent Mortality Projections},
  journal   = {Demography},
  year      = {2013},
  volume    = {50},
  number    = {4},
  pages     = {1341--1362},
  month     = {jan},
  doi       = {10.1007/s13524-012-0185-x},
  publisher = {Springer Nature},
}

@Book{United2015world,
  title     = {{World Population Ageing 2015 (ST/ESA/SER.A/390)}},
  publisher = {Department of Economic and Social Affairs, Population Division},
  year      = {2015},
  author    = {{United Nations}},
  address   = {New York, NY},
  owner     = {ugofil},
  timestamp = {2016.04.09},
}

@Article{pletcher1999model,
  author    = {Pletcher, Scott D},
  title     = {Model fitting and hypothesis testing for age-specific mortality data},
  journal   = {Journal of Evolutionary Biology},
  year      = {1999},
  volume    = {12},
  number    = {3},
  pages     = {430--439},
  owner     = {ugofil},
  publisher = {Wiley Online Library},
  timestamp = {2018.05.23},
}

@Article{currie2004smoothing,
  author    = {Currie, Iain D and Durban, Maria and Eilers, Paul HC},
  title     = {Smoothing and forecasting mortality rates},
  journal   = {Statistical Modelling},
  year      = {2004},
  volume    = {4},
  number    = {4},
  pages     = {279--298},
  owner     = {ugofil},
  publisher = {SAGE Publications},
  timestamp = {2016.10.07},
}

@Article{thatcher2010compression,
  author    = {Thatcher, A Roger and Cheung, Siu Lan K and Horiuchi, Shiro and Robine, Jean-Marie},
  title     = {The compression of deaths above the mode},
  journal   = {Demographic Research},
  year      = {2010},
  volume    = {22},
  pages     = {505--538},
  owner     = {ugofil},
  publisher = {NIH Public Access},
  timestamp = {2016.10.05},
}

@Book{pearson1897chances,
  title     = {The Chances of Death, and Other Studies in Evolution},
  publisher = {E. Arnold},
  year      = {1897},
  author    = {Pearson, Karl},
  editor    = {London: Arnold},
  volume    = {1},
}

@Book{klein2003survival,
  title     = {{Survival Analysis: Techniques for Censored and Truncated Data}},
  publisher = {Springer Science \& Business Media},
  year      = {2003},
  author    = {Klein, John P and Moeschberger, Melvin L},
  edition   = {Second},
  owner     = {ugofil},
  timestamp = {2016.12.05},
}

@Article{missov2013gompertz,
  author    = {Missov, Trifon I. and Lenart, Adam},
  title     = {{Gompertz--Makeham life expectancies: Expressions and applications}},
  journal   = {Theoretical Population Biology},
  year      = {2013},
  volume    = {90},
  pages     = {29--35},
  owner     = {ugofil},
  publisher = {Elsevier},
  timestamp = {2018.08.06},
}

@Conference{rizzi2019forecasting,
  author    = {Rizzi, Silvia and Kj{\ae}rgaard, S{\o}ren and Bergeron-Boucher, Marie-Pier and Lindahl-Jacobsen, Rune and Vaupel, J.},
  title     = {Forecasting mortality of not extinct cohorts},
  booktitle = {21st Nordic Demographic Symposium, Reykjavik (Iceland)},
  year      = {2019},
}

@Article{forfar1988graduation,
  author    = {D. O. Forfar and J. J. McCutcheon and A. D. Wilkie},
  title     = {On graduation by mathematical formula},
  journal   = {Journal of the Institute of Actuaries},
  year      = {1988},
  volume    = {115},
  number    = {1},
  pages     = {1--149},
  month     = {mar},
  doi       = {10.1017/s0020268100042633},
  publisher = {Cambridge University Press ({CUP})},
}

@InCollection{wilmoth1997search,
  author    = {Wilmoth, John R.},
  title     = {{In Search of Limits}},
  booktitle = {{Between Zeus and the Salmon: The biodemography of longevity}},
  publisher = {National Academy Press},
  year      = {1997},
  editor    = {Wachter, Kenneth W. and Finch, Caleb Ellicott},
  pages     = {38--64},
  address   = {Washington, DC},
  owner     = {ugofil},
  timestamp = {2017.03.27},
}

@Book{coale1983regional,
  title     = {Regional model life tables and stable populations},
  publisher = {New York, NY: Academic Press},
  year      = {1983},
  author    = {Coale, A. J. and Demeny, P. and Vaughan, B.},
  edition   = {Second},
}

@Conference{zanotto2017reconstruction,
  author    = {Zanotto, Lucia and Mazzuco, Stefano},
  title     = {Reconstruction of cohort data via {EM} algorithm},
  booktitle = {XXVIII International Population Conference},
  year      = {2017},
  owner     = {ugofil},
  timestamp = {2016.06.30},
}

@Article{cheung2005three,
  author    = {Cheung, Siu Lan Karen and Robine, Jean-Marie and Tu, Edward Jow-Ching and Caselli, Graziella},
  title     = {Three dimensions of the survival curve: Horizontalization, verticalization, and longevity extension},
  journal   = {Demography},
  year      = {2005},
  volume    = {42},
  number    = {2},
  pages     = {243--258},
  owner     = {ugofil},
  publisher = {Springer},
  timestamp = {2016.10.05},
}

@Book{chiang1984life,
  title     = {{The Life Table and its Applications}},
  publisher = {Malabar, FL: Krieger},
  year      = {1984},
  author    = {Chiang, C. L.},
}

@Book{mccullagh1989glm,
  title     = {Generalized Linear Models},
  publisher = {London: Chapman and Hall},
  year      = {1989},
  author    = {McCullagh, P. and Nelder, J.A.},
  owner     = {ugofil},
  timestamp = {2018.04.20},
}

@Article{perks1932some,
  author    = {Perks, Wilfred},
  title     = {On some experiments in the graduation of mortality statistics},
  journal   = {Journal of the Institute of Actuaries},
  year      = {1932},
  volume    = {63},
  number    = {1},
  pages     = {12--57},
  owner     = {ugofil},
  publisher = {JSTOR},
  timestamp = {2016.01.05},
}

@Article{beard1971some,
  author    = {Beard, Robert E},
  title     = {Some aspects of theories of mortality, cause of death analysis, forecasting and stochastic processes},
  journal   = {Biological Aspects of Demography},
  year      = {1971},
  volume    = {999},
  pages     = {57--68},
  owner     = {ugofil},
  publisher = {Taylor \& Francis: London},
  timestamp = {2016.01.04},
}

@Article{bohk2017lifespan,
  author    = {Bohk-Ewald, Christina and Ebeling, Marcus and Rau, Roland},
  title     = {{Lifespan Disparity as an Additional Indicator for Evaluating Mortality Forecasts}},
  journal   = {Demography},
  year      = {2017},
  volume    = {54},
  number    = {4},
  pages     = {1559--1577},
  owner     = {ugofil},
  publisher = {Springer},
  timestamp = {2017.11.15},
}

@Article{vanraalte2018case,
  author    = {Alyson A. van Raalte and Isaac Sasson and Pekka Martikainen},
  title     = {The case for monitoring life-span inequality},
  journal   = {Science},
  year      = {2018},
  volume    = {362},
  number    = {6418},
  pages     = {1002--1004},
  month     = {nov},
  doi       = {10.1126/science.aau5811},
  publisher = {American Association for the Advancement of Science ({AAAS})},
}

@Article{wilmoth1999rectangularization,
  author    = {Wilmoth, John R and Horiuchi, Shiro},
  title     = {{Rectangularization revisited: Variability of age at death within human populations}},
  journal   = {Demography},
  year      = {1999},
  volume    = {36},
  number    = {4},
  pages     = {475--495},
  owner     = {ugofil},
  publisher = {Springer},
  timestamp = {2016.06.28},
}

@Article{cadena2016semi,
  author    = {Cadena, Meitner and Denuit, Michel},
  title     = {Semi-parametric accelerated hazard relational models with applications to mortality projections},
  journal   = {Insurance: Mathematics and Economics},
  year      = {2016},
  volume    = {68},
  pages     = {1--16},
  owner     = {ugofil},
  publisher = {Elsevier},
  timestamp = {2017.02.02},
}

@Article{kannisto1994reductions,
  author    = {Kannisto, Vaino and Lauritsen, Jens and Thatcher, A. Roger and Vaupel, James W.},
  title     = {Reductions in mortality at advanced ages: several decades of evidence from 27 countries},
  journal   = {Population and Development Review},
  year      = {1994},
  volume    = {20},
  number    = {4},
  pages     = {793--810},
  owner     = {ugofil},
  publisher = {JSTOR},
  timestamp = {2016.12.09},
}

@Book{terzani1995indovino,
  title     = {Un indovino mi disse},
  publisher = {RL libri},
  year      = {1995},
  author    = {Terzani, Tiziano},
}

@Book{anderson1948actuarial,
  title     = {{Actuarial Statistics. Volume II: Construction of mortality \& other tables}},
  publisher = {Cambridge Univeristy Press},
  year      = {1948},
  author    = {Anderson, J. L. and Dow, J. B.},
}

@Article{bergeron2015decomposing,
  author    = {Bergeron-Boucher, Marie-Pier and Ebeling, Marcus and Canudas-Romo, Vladimir},
  title     = {Decomposing changes in life expectancy: Compression versus shifting mortality},
  journal   = {Demographic Research},
  year      = {2015},
  volume    = {33},
  pages     = {391--424},
  owner     = {ugofil},
  timestamp = {2016.02.01},
}

@Article{jacobsen2004women,
  author    = {Jacobsen, Rune and Osler, Merete and Lynge, Elsebeth and Keiding, Niels},
  title     = {{Women's death in Scandinavia - what makes Denmark different?}},
  journal   = {European Journal of Epidemiology},
  year      = {2004},
  volume    = {19},
  number    = {2},
  pages     = {117--121},
  owner     = {ugofil},
  publisher = {Springer},
  timestamp = {2018.05.11},
}

@Book{clarkson2005fdamanual,
  title     = {S+functional data analysis: User's manual for windows},
  publisher = {Springer},
  year      = {2005},
  author    = {Clarkson, Douglas B. and Fraley, Chris and Gu, Charles C. and Ramsay, James O.},
  address   = {New York},
  owner     = {ugofil},
  timestamp = {2017.06.23},
}

@Article{fries1980aging,
  author    = {Fries, James F},
  title     = {Aging, natural death, and the compression of morbidity},
  journal   = {New England Journal of Medicine},
  year      = {1980},
  volume    = {303},
  number    = {3},
  pages     = {130--135},
  owner     = {ugofil},
  timestamp = {2016.07.04},
}

@Article{mazzuco2018mortality,
  author    = {Stefano Mazzuco and Bruno Scarpa and Lucia Zanotto},
  title     = {A mortality model based on a mixture distribution function},
  journal   = {Population Studies},
  year      = {2018},
  volume    = {72},
  number    = {2},
  pages     = {191--200},
  month     = {mar},
  doi       = {10.1080/00324728.2018.1439519},
  publisher = {Informa {UK} Limited},
}

@InCollection{brass1971scale,
  author    = {Brass, William},
  title     = {{O}n the {S}cale of {M}ortality},
  booktitle = {Biological Aspect of Demography},
  publisher = {Taylor \& Francis},
  year      = {1971},
  editor    = {Brass, William},
  pages     = {69--110},
  address   = {London},
  owner     = {ugofil},
  timestamp = {2016.10.26},
}

@Article{lindahl2016did,
  author    = {Lindahl-Jacobsen, Rune and Oeppen, Jim and Rizzi, Silvia and M{\"o}ller, S{\"o}ren and Zarulli, Virginia and Christensen, Kaare and Vaupel, James W},
  title     = {Why did {D}anish women's life expectancy stagnate? {T}he influence of interwar generations' smoking behaviour},
  journal   = {European Journal of Epidemiology},
  year      = {2016},
  volume    = {31},
  number    = {12},
  pages     = {1207--1211},
  owner     = {ugofil},
  publisher = {Springer},
  timestamp = {2017.03.15},
}

@Conference{keilman2006prediction,
  author    = {Nico Keilman and D.Q. Pham},
  title     = {Prediction intervals for {Lee-Carter}-based mortality forecasts},
  booktitle = {European Population Conference 2006, Liverpool, June 21--24, 2006},
  year      = {2006},
}

@Book{aitchison1986statistical,
  title     = {The Statistical Analysis of Compositional Data},
  publisher = {London: Chapman and Hall},
  year      = {1986},
  author    = {J. Aitchison},
}

@InCollection{christensen2010divergent,
  author    = {Christensen, Kaare and Davidsen, Michael and Juel, Knud and Mortensen, Laust and Rau, Roland and Vaupel, J. W.},
  title     = {The {D}ivergent {L}ife-{E}xpectancy {T}rends in {D}enmark and {S}weden - and {S}ome {P}otential {E}xplanations},
  booktitle = {International Differences in Mortality at Older Ages: Dimensions and Sources},
  publisher = {National Academies Press},
  year      = {2010},
  editor    = {Crimmins, E. M and Preston, S. H. and Cohen, B.},
  address   = {Washington (DC)},
  owner     = {ugofil},
  timestamp = {2017.06.23},
}

@InCollection{willekens2001gompertz,
  author    = {Willekens, Frans},
  title     = {{Gompertz in Context: The Gompertz and Related Distributions}},
  booktitle = {Forecasting Mortality in Developed Countries},
  publisher = {Springer Netherlands},
  year      = {2001},
  editor    = {Tabeau, Ewa and van den Berg Jeths, Anneke and Heathcote, Christopher},
  volume    = {9},
  series    = {European Studies of Population},
  pages     = {105-126},
  isbn      = {978-0-7923-6833-5},
  doi       = {10.1007/0-306-47562-6_5},
  language  = {English},
  owner     = {ugofil},
  timestamp = {2016.01.05},
  url       = {http://dx.doi.org/10.1007/0-306-47562-6_5},
}

@Article{hyndman2007robust,
  author    = {Hyndman, Rob J and Ullah, Md Shahid},
  title     = {Robust forecasting of mortality and fertility rates: a functional data approach},
  journal   = {Computational Statistics \& Data Analysis},
  year      = {2007},
  volume    = {51},
  number    = {10},
  pages     = {4942--4956},
  owner     = {ugofil},
  publisher = {Elsevier},
  timestamp = {2016.06.28},
}

@Article{lenart2016goodness,
  author    = {Lenart, Adam and Missov, Trifon I},
  title     = {Goodness-of-fit tests for the {G}ompertz distribution},
  journal   = {Communications in Statistics-Theory and Methods},
  year      = {2016},
  volume    = {45},
  number    = {10},
  pages     = {2920--2937},
  owner     = {ugofil},
  publisher = {Taylor \& Francis},
  timestamp = {2018.05.22},
}

@Article{eilers1996flexible,
  author    = {Eilers, Paul H.~C. and Marx, Brian D.},
  title     = {{F}lexible {S}moothing with {$B$}-splines and {P}enalties (with discussion)},
  journal   = {Statistical Science},
  year      = {1996},
  volume    = {11},
  number    = {2},
  pages     = {89--102},
  owner     = {ugofil},
  publisher = {JSTOR},
  timestamp = {2016.10.06},
}

@Article{horiuchi2013modal,
  author    = {Horiuchi, Shiro and Ouellette, Nadine and Cheung, Siu Lan Karen and Robine, Jean-Marie},
  title     = {Modal age at death: lifespan indicator in the era of longevity extension},
  journal   = {Vienna Yearbook of Population Research},
  year      = {2013},
  volume    = {11},
  pages     = {37--69},
  owner     = {ugofil},
  publisher = {JSTOR},
  timestamp = {2016.10.05},
}

@Manual{demogRpackage,
  title     = {demography: {Forecasting Mortality, Fertility, Migration and Population Data}},
  author    = {Rob J Hyndman and Heather Booth and Leonie Tickle and John Maindonald},
  year      = {2018},
  note      = {R package version 1.21},
  owner     = {ugofil},
  timestamp = {2017.11.14},
  url       = {https://CRAN.R-project.org/package=demography},
}

@Article{vaupel2003decomposing,
  author    = {Vaupel, James W. and Canudas-Romo, Vladimir},
  title     = {{Decomposing change in life expectancy: A bouquet of formulas in honor of Nathan Keyfitz's 90th birthday}},
  journal   = {Demography},
  year      = {2003},
  volume    = {40},
  number    = {2},
  pages     = {201--216},
  month     = {May},
  issn      = {1533-7790},
  day       = {01},
  doi       = {10.1353/dem.2003.0018},
  owner     = {ugofil},
  timestamp = {2018.05.12},
  url       = {https://doi.org/10.1353/dem.2003.0018},
}

@Article{currie2016fitting,
  author    = {Iain D. Currie},
  title     = {On fitting generalized linear and non-linear models of mortality},
  journal   = {Scandinavian Actuarial Journal},
  year      = {2016},
  volume    = {4},
  pages     = {356--383},
  doi       = {10.1080/03461238.2014.928230},
  publisher = {Informa {UK} Limited},
}

@TechReport{cmi2007stochastic,
  author      = {{CMI Committee}},
  title       = {{Stochastic projection methodologies: Further progress and $P$-Spline model features, example results and implications}},
  institution = {Institute of Actuaries and the Faculty of Actuaries},
  year        = {2007},
}

@Article{bergeron2017coherent,
  author    = {Bergeron-Boucher, Marie-Pier and Canudas-Romo, Vladimir and Oeppen, Jim and Vaupel, James W},
  title     = {Coherent forecasts of mortality with Compositional Data Analysis},
  journal   = {Demographic Research},
  year      = {2017},
  volume    = {37},
  pages     = {527--566},
  owner     = {ugofil},
  timestamp = {2016.02.01},
}

@Article{eilers2007ill,
  author    = {Eilers, Paul HC},
  title     = {Ill-posed problems with counts, the composite link model and penalized likelihood},
  journal   = {Statistical Modelling},
  year      = {2007},
  volume    = {7},
  number    = {3},
  pages     = {239--254},
  owner     = {ugofil},
  publisher = {Sage Publications India Pvt. Ltd, B-42, Panchsheel Enclave, New Delhi},
  timestamp = {2018.02.21},
}

@Article{congdon1993statistical,
  author    = {Congdon, Peter},
  title     = {{Statistical Graduation in Local Demographic Analysis and Projection}},
  journal   = {Journal of the Royal Statistical Society. Series A (Statistics in Society)},
  year      = {1993},
  volume    = {156},
  number    = {2},
  pages     = {237--270},
  owner     = {ugofil},
  publisher = {JSTOR},
  timestamp = {2016.02.01},
}

@Book{thatcher1998force,
  title     = {The {F}orce of {M}ortality at {A}ges 80 to 120},
  publisher = {Odense University Press},
  year      = {1998},
  author    = {Thatcher, A Roger and Kannisto, V{\"a}in{\"o} and Vaupel, James W},
  series    = {Monographs on Population Aging, 5},
  address   = {Odense},
  owner     = {ugofil},
  timestamp = {2016.01.04},
}

@Article{kontis2017future,
  author    = {Kontis, Vasilis and Bennett, James E. and Mathers, Colin D. and Li, Guangquan and Foreman, Kyle and Ezzati, Majid},
  title     = {{Future life expectancy in 35 industrialised countries: projections with a Bayesian model ensemble}},
  journal   = {The Lancet},
  year      = {2017},
  volume    = {389},
  number    = {10076},
  pages     = {1323--1335},
  owner     = {ugofil},
  publisher = {Elsevier},
  timestamp = {2018.05.23},
}

@Article{brouhns2002poisson,
  author    = {Brouhns, Natacha and Denuit, Michel and Vermunt, Jeroen K},
  title     = {A {P}oisson log-bilinear regression approach to the construction of projected lifetables},
  journal   = {Insurance: Mathematics and Economics},
  year      = {2002},
  volume    = {31},
  number    = {3},
  pages     = {373--393},
  owner     = {ugofil},
  publisher = {Elsevier},
  timestamp = {2017.03.15},
}

@Article{edwards2005inequality,
  author    = {Edwards, Ryan D and Tuljapurkar, Shripad},
  title     = {Inequality in life spans and a new perspective on mortality convergence across industrialized countries},
  journal   = {Population and Development Review},
  year      = {2005},
  volume    = {31},
  number    = {4},
  pages     = {645--674},
  owner     = {ugofil},
  publisher = {Wiley Online Library},
  timestamp = {2016.04.15},
}

@Article{michaelson2014strategy,
  author  = {Michaelson, Avery and Mulholland, Jeff},
  title   = {Strategy for increasing the global capacity for longevity risk transfer: developing transactions that attract capital markets investors},
  journal = {Journal of Alternative Investments},
  year    = {2014},
  volume  = {17},
  number  = {1},
  pages   = {18--27},
}

@Article{gneiting2014probabilistic,
  author    = {Tilmann Gneiting and Matthias Katzfuss},
  title     = {Probabilistic Forecasting},
  journal   = {Annual Review of Statistics and Its Application},
  year      = {2014},
  volume    = {1},
  number    = {1},
  pages     = {125--151},
  month     = {jan},
  doi       = {10.1146/annurev-statistics-062713-085831},
  publisher = {Annual Reviews},
}

@Article{basellini2019modelling,
  author    = {Ugofilippo Basellini and Carlo Giovanni Camarda},
  title     = {Modelling and forecasting adult age-at-death distributions},
  journal   = {Population Studies},
  year      = {2019},
  volume    = {73},
  number    = {1},
  pages     = {119--138},
  doi       = {10.1080/00324728.2018.1545918},
  publisher = {Informa {UK} Limited},
}

@Misc{sun1994levetiden,
  author    = {Sundhedsministeriet},
  title     = {{Levetiden i Danmark [Life Expectancy in Denmark] (Sundhedsministeriet, Copenhagen). Danish.}},
  year      = {1994},
  owner     = {ugofil},
  timestamp = {2018.05.11},
}

@Book{Andreev2002evolution,
  title     = {{E}volution of the {D}anish population from 1835 to 2000},
  publisher = {Odense University Press},
  year      = {2002},
  author    = {Andreev, Kirill F.},
  series    = {Odense Monographs on Population Aging},
  address   = {Odense - DK},
  owner     = {giancarlo},
  timestamp = {2016.08.29},
}

@Book{CoDa2011,
  title     = {{C}ompositional {D}ata {A}nalysis: {T}heory and {A}pplications},
  publisher = {Wiley},
  year      = {2011},
  editor    = {Pawlowsky-Glahn, Vera and Buccianti, Antonella},
  owner     = {camarda_cg},
  timestamp = {2018.06.28},
}

@Article{canudas2008modal,
  author    = {Canudas-Romo, Vladimir},
  title     = {The modal age at death and the shifting mortality hypothesis},
  journal   = {Demographic Research},
  year      = {2008},
  volume    = {19},
  pages     = {1179--1204},
  owner     = {ugofil},
  publisher = {Max Planck Institut f{\"u}r Demografische Forschung},
  timestamp = {2016.10.05},
}

@Article{halley1693estimate,
  author    = {Edmund Halley},
  title     = {An Estimate of the Degrees of the Mortality of Mankind},
  journal   = {Philosophical Transactions},
  year      = {1693},
  volume    = {17},
  pages     = {596--610},
  owner     = {ugofil},
  timestamp = {2017.11.29},
}

@Manual{pascariu2018mortalitylaws,
  title  = {MortalityLaws: Parametric Mortality Models, Life Tables and HMD},
  author = {Marius D. Pascariu},
  year   = {2018},
  note   = {R package version 1.7.0},
  url    = {https://CRAN.R-project.org/package=MortalityLaws},
}

@Article{lee2001evaluating,
  author    = {Lee, Ronald and Miller, Timothy},
  title     = {Evaluating the performance of the {L}ee-{C}arter method for forecasting mortality},
  journal   = {Demography},
  year      = {2001},
  volume    = {38},
  number    = {4},
  pages     = {537--549},
  owner     = {ugofil},
  publisher = {Springer},
  timestamp = {2016.06.30},
}

@Article{vaupel1979impact,
  author    = {Vaupel, James W and Manton, Kenneth G and Stallard, Eric},
  title     = {The impact of heterogeneity in individual frailty on the dynamics of mortality},
  journal   = {Demography},
  year      = {1979},
  volume    = {16},
  number    = {3},
  pages     = {439--454},
  owner     = {ugofil},
  publisher = {Springer},
  timestamp = {2016.01.05},
}

@Article{bongaarts2005long,
  author    = {Bongaarts, John},
  title     = {Long-range trends in adult mortality: Models and projection methods},
  journal   = {Demography},
  year      = {2005},
  volume    = {42},
  number    = {1},
  pages     = {23--49},
  owner     = {ugofil},
  publisher = {Springer},
  timestamp = {2016.02.01},
}

@Article{camarda2016sums,
  author    = {Camarda, Carlo G and Eilers, Paul HC and Gampe, Jutta},
  title     = {Sums of smooth exponentials to decompose complex series of counts},
  journal   = {Statistical Modelling},
  year      = {2016},
  volume    = {16},
  number    = {4},
  pages     = {279--296},
  owner     = {ugofil},
  publisher = {SAGE Publications},
  timestamp = {2016.10.06},
}

@Article{wilson2001scale,
  author    = {Chris Wilson},
  title     = {{On the Scale of Global Demographic Convergence 1950--2000}},
  journal   = {Population and Development Review},
  year      = {2001},
  volume    = {27},
  number    = {1},
  pages     = {155--171},
  month     = {mar},
  doi       = {10.1111/j.1728-4457.2001.00155.x},
  publisher = {Wiley},
}

@Conference{janssen2016projecting,
  author    = {Janssen, Fanny and de Beer, Joop},
  title     = {Projecting future mortality in the {N}etherlands taking into account mortality delay and smoking},
  booktitle = {Joint Eurostat/UNECE Work Session on Demographic Projections},
  year      = {2016},
  owner     = {ugofil},
  timestamp = {2016.06.30},
}

@Book{hamilton1994time,
  title     = {{T}ime {S}eries {A}nalysis},
  publisher = {Princeton University Press},
  year      = {1994},
  author    = {Hamilton, James Douglas},
  volume    = {2},
  owner     = {ugofil},
  timestamp = {2016.07.03},
}

@Article{cairns2006two,
  author    = {Cairns, Andrew JG and Blake, David and Dowd, Kevin},
  title     = {A Two-Factor Model for Stochastic Mortality with Parameter Uncertainty: Theory and Calibration},
  journal   = {Journal of Risk and Insurance},
  year      = {2006},
  volume    = {73},
  number    = {4},
  pages     = {687--718},
  owner     = {ugofil},
  publisher = {Wiley Online Library},
  timestamp = {2016.10.26},
}

@InProceedings{camarda2008warped,
  author    = {Camarda, Carlo G and Eilers, Paul HC and Gampe, Jutta},
  title     = {{A Warped Failure Time Model for Human Mortality}},
  booktitle = {Proceedings of the 23rd International Workshop of Statistical Modelling},
  year      = {2008},
  pages     = {149--154},
  owner     = {ugofil},
  timestamp = {2017.02.02},
}

@Manual{hyndman2018forecastR,
  title     = {{forecast}: {F}orecasting functions for time series and linear models},
  author    = {Rob Hyndman and George Athanasopoulos and Christoph Bergmeir and Gabriel Caceres and Leanne Chhay and Mitchell O'Hara-Wild and Fotios Petropoulos and Slava Razbash and Earo Wang and Farah Yasmeen},
  year      = {2018},
  note      = {R package version 8.4},
  owner     = {ugofil},
  timestamp = {2018.04.16},
  url       = {http://pkg.robjhyndman.com/forecast},
}

@Article{makeham1860law,
  author    = {Makeham, William Matthew},
  title     = {On the law of mortality and the construction of annuity tables},
  journal   = {The Assurance Magazine, and Journal of the Institute of Actuaries},
  year      = {1860},
  volume    = {8},
  number    = {6},
  pages     = {301--310},
  owner     = {ugofil},
  publisher = {JSTOR},
  timestamp = {2016.01.05},
}

@Article{wilmoth2017protocol,
  author    = {Wilmoth, J.R. and Andreev, K. and Jdanov, D. and Glei, D.A. and Riffe, T. and Boe, C. and Bubenheim, M. and Philipov, D. and Shkolnikov, V. and Vachon, P. and Winat, C. and Barbieri, M.},
  title     = {{Methods Protocol for the Human Mortality Database. Last Revised: November 27, 2017 (Version 6)}},
  year      = {2017},
  owner     = {ugofil},
  timestamp = {2019.07.03},
}

@Book{kalbfleisch2002statistical,
  title     = {The Statistical Analysis of Failure Time Data},
  publisher = {John Wiley \& Sons},
  year      = {2002},
  author    = {Kalbfleisch, John D and Prentice, Ross L},
  edition   = {Second},
  owner     = {ugofil},
  timestamp = {2017.02.01},
}

@Article{hyndman2008automatic,
  author    = {Hyndman, Robin and Khandakar, Yeasmin},
  title     = {{Automatic time series forecasting: The forecast Package for R}},
  journal   = {Journal of Statistical Software},
  year      = {2008},
  volume    = {27},
  number    = {3},
  pages     = {1--22},
  owner     = {ugofil},
  publisher = {University of California, Los Angeles, Department of Statistics},
  timestamp = {2016.06.28},
}

@Article{lee1992modeling,
  author    = {Lee, Ronald D and Carter, Lawrence R},
  title     = {{Modeling and forecasting US mortality}},
  journal   = {Journal of the American Statistical Association},
  year      = {1992},
  volume    = {87},
  number    = {419},
  pages     = {659--671},
  owner     = {ugofil},
  publisher = {Taylor \& Francis Group},
  timestamp = {2016.06.27},
}

@Article{vaupel1998biodemographic,
  author    = {Vaupel, James W. and Carey, James R. and Christensen, Kaare and Johnson, Thomas E. and Yashin, Anatoli I. and Holm, Niels V. and Iachine, Ivan A. and Kannisto, V{\"a}in{\"o} and Khazaeli, Aziz A. and Liedo, Pablo and others},
  title     = {Biodemographic trajectories of longevity},
  journal   = {Science},
  year      = {1998},
  volume    = {280},
  number    = {5365},
  pages     = {855--860},
  owner     = {ugofil},
  publisher = {American Association for the Advancement of Science},
  timestamp = {2016.01.04},
}

@Book{johnson1995continuous,
  title     = {Continuous univariate distributions},
  publisher = {Wiley series in probability and mathematical statistics: applied probability and statistics},
  year      = {1995},
  author    = {Johnson, Norman L and Kotz, Samuel and Balakrishnan, N},
  editor    = {Wiley, New York.},
  volume    = {2},
  owner     = {ugofil},
  timestamp = {2018.05.30},
}

@Article{colchero2016emergence,
  author    = {Colchero, Fernando and Rau, Roland and Jones, Owen R. and Barthold, Julia A. and Conde, Dalia A. and Lenart, Adam and Nemeth, Laszlo and Scheuerlein, Alexander and Schoeley, Jonas and Torres, Catalina and Zarulli, Virginia and Altmann, Jeanne and Brockman, Diane K. and Bronikowski, Anne M. and Fedigan, Linda M. and Pusey, Anne E. and Stoinski, Tara S. and Strier, Karen B. and Baudisch, Annette and Alberts, Susan C. and Vaupel, James W.},
  title     = {The emergence of longevous populations},
  journal   = {Proceedings of the National Academy of Sciences},
  year      = {2016},
  volume    = {113},
  number    = {48},
  pages     = {E7681-E7690},
  doi       = {10.1073/pnas.1612191113},
  owner     = {ugofil},
  timestamp = {2017.02.17},
  url       = {http://www.pnas.org/content/113/48/E7681.abstract},
}

@Book{preston2001demogr,
  title     = {Demography. Measuring and Modeling Population Processes},
  publisher = {Blackwell},
  year      = {2001},
  author    = {Preston, Samuel H. and Heuveline, Patrick and Guillot, Michel},
  owner     = {ugofil},
  timestamp = {2015.01.01},
}

@Article{rothenberg1991population,
  author    = {Rothenberg, Richard and Lentzner, Harold R and Parker, Robert A},
  title     = {Population aging patterns: the expansion of mortality},
  journal   = {Journal of Gerontology},
  year      = {1991},
  volume    = {46},
  number    = {2},
  pages     = {S66--S70},
  owner     = {ugofil},
  publisher = {Oxford University Press},
  timestamp = {2017.02.17},
}

@Book{ramsay2005FDA,
  title     = {{F}unctional {D}ata {A}nalysis},
  publisher = {Springer-Verlag},
  year      = {2005},
  author    = {Ramsay, J. O. and Silverman, B. W.},
  edition   = {2nd},
  owner     = {ugofil},
  timestamp = {2016.10.06},
}

@Article{koissi2006evaluating,
  author    = {Marie-Claire Koissi and Arnold F. Shapiro and Göran Högnäs},
  title     = {{Evaluating and extending the Lee{\textendash}Carter model for mortality forecasting: Bootstrap confidence interval}},
  journal   = {Insurance: Mathematics and Economics},
  year      = {2006},
  volume    = {38},
  number    = {1},
  pages     = {1--20},
  month     = {feb},
  doi       = {10.1016/j.insmatheco.2005.06.008},
  publisher = {Elsevier {BV}},
}

@Article{lindahl2016rise,
  author    = {Lindahl-Jacobsen, Rune and Rau, Roland and Jeune, Bernard and Canudas-Romo, Vladimir and Lenart, Adam and Christensen, Kaare and Vaupel, James W.},
  title     = {Rise, stagnation, and rise of {D}anish women's life expectancy},
  journal   = {Proceedings of the National Academy of Sciences},
  year      = {2016},
  volume    = {113},
  number    = {15},
  pages     = {4015-4020},
  doi       = {10.1073/pnas.1602783113},
  eprint    = {http://www.pnas.org/content/113/15/4015.full.pdf},
  owner     = {ugofil},
  timestamp = {2017.06.09},
  url       = {http://www.pnas.org/content/113/15/4015.abstract},
}

@Article{wilmoth2000increase,
  author    = {Wilmoth, John R and Deegan, Leo J and Lundstr{\"o}m, Hans and Horiuchi, Shiro},
  title     = {Increase of maximum life-span in {S}weden, 1861-1999},
  journal   = {Science},
  year      = {2000},
  volume    = {289},
  number    = {5488},
  pages     = {2366--2368},
  owner     = {ugofil},
  publisher = {American Association for the Advancement of Science},
  timestamp = {2016.01.05},
}

@TechReport{cmi1976graduation,
  author      = {{CMI Committee}},
  title       = {{The graduation of pensioners and of annuitants mortality experience 1967--70}},
  institution = {Institute of Actuaries and the Faculty of Actuaries},
  year        = {1976},
  type        = {{Revised Working Paper 20 (November 2007)}},
  month       = nov,
}

@Article{dokumentov2018bivariate,
  author    = {Alexander Dokumentov and Rob J. Hyndman and Leonie Tickle},
  title     = {Bivariate smoothing of mortality surfaces with cohort and period ridges},
  journal   = {Stat},
  year      = {2018},
  volume    = {7},
  number    = {1},
  pages     = {e199},
  doi       = {10.1002/sta4.199},
  publisher = {Wiley},
}

@Article{hyndman2008stochastic,
  author    = {Hyndman, Rob J and Booth, Heather},
  title     = {Stochastic population forecasts using functional data models for mortality, fertility and migration},
  journal   = {International Journal of Forecasting},
  year      = {2008},
  volume    = {24},
  number    = {3},
  pages     = {323--342},
  owner     = {ugofil},
  publisher = {Elsevier},
  timestamp = {2017.03.18},
}

@Misc{HMD,
  author    = {{Human Mortality Database}},
  title     = {{{University of California, Berkeley (USA)}} and {Max Planck Institute for Demographic Research (Germany)}},
  year      = {2019},
  note      = {Available at www.mortality.org or www.humanmortality.de. Data downloaded on: 23 August 2019 (Chapter 1), 25 May 2018 (Chapter 2), 22 March 2018 (Chapter 3), 15 February 2019 (Chapter 4), 8 May 2019 (Chapter 5), July 2019 (Chapter 6).},
  owner     = {ugofil},
  timestamp = {2016.10.05},
}

@InCollection{basellini2019three,
  author    = {Ugofilippo Basellini and Carlo Giovanni Camarda},
  title     = {{A Three-component Approach to Model and Forecast Age-at-death Distributions}},
  booktitle = {Developments in Demographic Forecasting},
  publisher = {Springer (forthcoming)},
  year      = {2019},
  editor    = {Stefano Mazzuco and Nico Keilman},
}

@Article{bongaarts2003estimating,
  author    = {J. Bongaarts and G. Feeney},
  title     = {Estimating mean lifetime},
  journal   = {Proceedings of the National Academy of Sciences},
  year      = {2003},
  volume    = {100},
  number    = {23},
  pages     = {13127--13133},
  month     = {sep},
  doi       = {10.1073/pnas.2035060100},
  publisher = {Proceedings of the National Academy of Sciences},
}

@Article{basellini2019ageatdeath,
  author = {Ugofilippo Basellini and S{\o}ren Kj{\ae}rgaard and Carlo Giovanni Camarda},
  title  = {An age-at-death distribution approach to forecast cohort mortality},
  year   = {2019},
  volume = {Submitted},
  owner  = {ugofil},
}

@Conference{vanraalte2018lifespan,
  author    = {van Raalte, A. A. and Nepomuceno, M. R. and Camarda, C. G. and Myrskyl{\"a}, M.},
  title     = {How is lifespan variation developing across cohorts?},
  booktitle = {Tel Aviv Workshop on Inequality and Uncertainty in Length of Life},
  year      = {2018},
  owner     = {ugofil},
  timestamp = {2016.06.30},
}

@Book{lexis1875einleitung,
  title     = {{Einleitung in die Theorie der Bev{\"o}lkerungsstatistik}},
  publisher = {Strassburg: Tr{\"u}bner},
  year      = {1875},
  author    = {Lexis, Wilhelm Hector Richard Albrecht},
}

@Article{renshaw2003forecasting,
  author    = {Renshaw, Arthur E. and Haberman, Steven},
  title     = {On the forecasting of mortality reduction factors},
  journal   = {Insurance: Mathematics and Economics},
  year      = {2003},
  volume    = {32},
  number    = {3},
  pages     = {379--401},
  month     = {jul},
  doi       = {10.1016/s0167-6687(03)00118-5},
  publisher = {Elsevier {BV}},
}

@Article{delwarde2007smoothing,
  author    = {Delwarde, Antoine and Denuit, Michel and Eilers, Paul},
  title     = {{Smoothing the Lee--Carter and Poisson log-bilinear models for mortality forecasting: a penalized log-likelihood approach}},
  journal   = {Statistical Modelling},
  year      = {2007},
  volume    = {7},
  number    = {1},
  pages     = {29--48},
  owner     = {ugofil},
  publisher = {Sage Publications India Pvt. Ltd, B-42, Panchsheel Enclave, New Delhi},
  timestamp = {2017.09.27},
}

@Article{currie2013smoothing,
  author    = {Currie, Iain D.},
  title     = {{Smoothing constrained generalized linear models with an application to the Lee-Carter model}},
  journal   = {Statistical Modelling},
  year      = {2013},
  volume    = {13},
  number    = {1},
  pages     = {69--93},
  owner     = {ugofil},
  publisher = {Sage Publications Sage India: New Delhi, India},
  timestamp = {2018.04.20},
}

@InCollection{bengtsson2019intro,
  author    = {Tommy Bengtsson and Nico Keilman and Juha M. Alho and Kaare Christensen and Edward Palmer and James W. Vaupel},
  title     = {Introduction},
  booktitle = {Old and New Perspectives on Mortality Forecasting},
  publisher = {Springer Open},
  year      = {2019},
  pages     = {1-19},
}

@PhdThesis{camarda2008smoothing,
  author    = {Camarda, Carlo Giovanni},
  title     = {Smoothing methods for the analysis of mortality development},
  school    = {Universidad Carlos III de Madrid, Department of Statistics.},
  year      = {2008},
  owner     = {ugofil},
  timestamp = {2016.04.22},
}

@Article{camarda2019smoothing,
  author = {Carlo Giovanni Camarda and Ugofilippo Basellini},
  title  = {Smoothing, decomposing and forecasting mortality rates},
  year   = {2019},
  volume = {Submitted},
}

@Article{basellini2019location,
  author    = {Ugofilippo Basellini and Vladimir Canudas-Romo and Adam Lenart},
  title     = {{Location{\textendash}Scale Models in Demography: A Useful Re-parameterization of Mortality Models}},
  journal   = {European Journal of Population},
  year      = {2019},
  volume    = {35},
  number    = {4},
  pages     = {645--673},
  doi       = {10.1007/s10680-018-9497-x},
  publisher = {Springer Nature America, Inc},
}

@Article{borgan2019cohort,
  author    = {Borgan, {\O}rnulf and Keilman, Nico},
  title     = {{Do Japanese and Italian Women Live Longer than Women in Scandinavia?}},
  journal   = {European Journal of Population},
  year      = {2019},
  volume    = {35},
  number    = {1},
  pages     = {87--99},
  day       = {27},
  doi       = {10.1007/s10680-018-9468-2},
  owner     = {ugofil},
  timestamp = {2018.08.13},
  url       = {https://doi.org/10.1007/s10680-018-9468-2},
}

@Article{goldstein2006relationships,
  author    = {Joshua R. Goldstein and Kenneth W. Wachter},
  title     = {Relationships between period and cohort life expectancy: Gaps and lags},
  journal   = {Population Studies},
  year      = {2006},
  volume    = {60},
  number    = {3},
  pages     = {257--269},
  month     = {nov},
  doi       = {10.1080/00324720600895876},
  publisher = {Informa {UK} Limited},
}

@Article{shkolnikov2011steep,
  author    = {Vladimir M. Shkolnikov and Dmitri A. Jdanov and Evgeny M. Andreev and James W. Vaupel},
  title     = {{Steep Increase in Best-Practice Cohort Life Expectancy}},
  journal   = {Population and Development Review},
  year      = {2011},
  volume    = {37},
  number    = {3},
  pages     = {419--434},
  month     = {sep},
  doi       = {10.1111/j.1728-4457.2011.00428.x},
  publisher = {Wiley},
}

@Article{hanada1983formula,
  author    = {Hanada, Kyo},
  title     = {A formula of {G}ini's concentration ratio and its application to life tables},
  journal   = {Journal of the Japan Statistical Society, Japanese Issue},
  year      = {1983},
  volume    = {13},
  number    = {2},
  pages     = {95--98},
  owner     = {ugofil},
  publisher = {Japan Statistical Society},
  timestamp = {2018.10.19},
}

@Article{gini1914sulla,
  author    = {Gini, Corrado},
  title     = {Sulla misura della concentrazione e della variabilit{\`a} dei caratteri},
  journal   = {Atti del Reale Istituto Veneto di Scienze, Lettere ed Arti},
  year      = {1914},
  volume    = {73},
  pages     = {1203--1248},
  owner     = {ugofil},
  timestamp = {2018.10.19},
}

@Article{gini1912variabilita,
  author    = {Gini, Corrado},
  title     = {Variabilit{\`a} e mutabilit{\`a}. {C}ontributi allo studio delle relazioni e delle distribuzioni statistiche},
  journal   = {Studi Economico-Giuridici della Universit{\`a} di Cagliari},
  year      = {1912},
  owner     = {ugofil},
  timestamp = {2018.10.19},
}

@Article{diaz2018mortality,
  author    = {Diaz, Gisou and Deb{\'o}n, Ana and Giner-Bosch, Vicent},
  title     = {Mortality forecasting in {C}olombia from abridged life tables by sex},
  journal   = {Genus},
  year      = {2018},
  volume    = {74},
  note      = {Article number: 15},
  owner     = {ugofil},
  publisher = {Nature Publishing Group},
  timestamp = {2018.11.07},
}

@Book{alho2005statistical,
  title     = {Statistical Demography and Forecasting},
  publisher = {Springer New York},
  year      = {2005},
  author    = {Juha M. Alho and Bruce Spencer},
  isbn      = {0387235302},
  date      = {2005-07-01},
  ean       = {9780387235301},
  pagetotal = {440},
  url       = {https://www.ebook.de/de/product/5245919/juha_alho_bruce_spencer_statistical_demography_and_forecasting.html},
}

@PhdThesis{zanotto2017mixture,
  author = {Lucia Zanotto},
  title  = {A mixture model to distuinguish mortality components},
  school = {Universit\`{a} degli Studi di Padova - Dipartimento di Scienze Statistiche},
  year   = {2017},
}

@Article{pascariu2018double,
  author    = {Marius D. Pascariu and Vladimir Canudas-Romo and James W. Vaupel},
  title     = {The double-gap life expectancy forecasting model},
  journal   = {Insurance: Mathematics and Economics},
  year      = {2018},
  volume    = {78},
  pages     = {339--350},
  month     = {jan},
  doi       = {10.1016/j.insmatheco.2017.09.011},
  publisher = {Elsevier {BV}},
}

@Article{camarda2019smooth,
  author    = {Carlo Giovanni Camarda},
  title     = {Smooth constrained mortality forecasting},
  journal   = {Demographic Research},
  year      = {2019},
  volume    = {41},
  pages     = {1091--1130},
  doi       = {10.4054/demres.2019.41.38},
  publisher = {Max Planck Institute for Demographic Research},
}

@Article{cairns2011mortality,
  author    = {Cairns, Andrew JG and Blake, David and Dowd, Kevin and Coughlan, Guy D and Epstein, David and Khalaf-Allah, Marwa},
  title     = {Mortality density forecasts: An analysis of six stochastic mortality models},
  journal   = {Insurance: Mathematics and Economics},
  year      = {2011},
  volume    = {48},
  number    = {3},
  pages     = {355--367},
  owner     = {ugofil},
  publisher = {Elsevier},
  timestamp = {2018.04.04},
}

@Article{dowd2010evaluating,
  author    = {Dowd, Kevin and Cairns, Andrew JG and Blake, David and Coughlan, Guy D and Epstein, David and Khalaf-Allah, Marwa},
  title     = {Evaluating the goodness of fit of stochastic mortality models},
  journal   = {Insurance: Mathematics and Economics},
  year      = {2010},
  volume    = {47},
  number    = {3},
  pages     = {255--265},
  owner     = {ugofil},
  publisher = {Elsevier},
  timestamp = {2018.04.04},
}

@Article{dowd2010backtesting,
  author    = {Dowd, Kevin and Cairns, Andrew JG and Blake, David and Coughlan, Guy D and Epstein, David and Khalaf-Allah, Marwa},
  title     = {Backtesting stochastic mortality models: an ex post evaluation of multiperiod-ahead density forecasts},
  journal   = {North American Actuarial Journal},
  year      = {2010},
  volume    = {14},
  number    = {3},
  pages     = {281--298},
  owner     = {ugofil},
  publisher = {Taylor \& Francis},
  timestamp = {2018.04.04},
}

@Article{bergeron2018modeling,
  author    = {Marie-Pier Bergeron-Boucher and Vladimir Canudas-Romo and Marius Pascariu and Rune Lindahl-Jacobsen},
  title     = {Modeling and forecasting sex differences in mortality: a sex-ratio approach},
  journal   = {Genus},
  year      = {2018},
  volume    = {74},
  note      = {Article number: 20},
  doi       = {10.1186/s41118-018-0044-8},
  publisher = {Springer Nature},
}

@Article{keilman2008european,
  author    = {Nico Keilman},
  title     = {{European Demographic Forecasts Have Not Become More Accurate over the Past 25 Years}},
  journal   = {Population and Development Review},
  year      = {2008},
  volume    = {34},
  number    = {1},
  pages     = {137--153},
  publisher = {[Population Council, Wiley]},
  url       = {http://www.jstor.org/stable/25434662},
}

@Article{makridakis2019forecasting,
  author  = {Makridakis, S. and Hyndman, R. J. and Petropoulos, F.},
  title   = {{Forecasting in social settings: The state of the art}},
  journal = {International Journal of Forecasting},
  year    = {2019},
  volume  = {In press},
}

@Article{canudas2005contributions,
  author    = {Vladimir Canudas-Romo and Robert Schoen},
  title     = {Age-specific contributions to changes in the period and cohort life expectancy},
  journal   = {Demographic Research},
  year      = {2005},
  volume    = {13},
  pages     = {63--82},
  month     = {aug},
  doi       = {10.4054/demres.2005.13.3},
  publisher = {Max Planck Institute for Demographic Research},
}

@Article{keilman2019mortality,
  author    = {Nico Keilman},
  title     = {Mortality shifts and mortality compression in period and cohort life tables},
  journal   = {Demographic Research},
  year      = {2019},
  volume    = {41},
  pages     = {1147--1196},
  month     = {oct},
  doi       = {10.4054/demres.2019.41.40},
  publisher = {Max Planck Institute for Demographic Research},
}

@Article{janssen2018advances,
  author    = {Fanny Janssen},
  title     = {Advances in mortality forecasting: introduction},
  journal   = {Genus},
  year      = {2018},
  volume    = {74},
  note      = {Article number: 21},
  doi       = {10.1186/s41118-018-0045-7},
  publisher = {Springer Nature},
}

@Article{bergeron2019impact,
  author  = {Marie-Pier Bergeron-Boucher and S{\o}ren Kj{\ae}rgaard and Jim Oeppen and James W. Vaupel},
  title   = {The impact of the choice of life table statistics when forecasting mortality},
  journal = {Demographic Research},
  year    = {2019},
  volume  = {41},
  pages   = {1235--1268},
  doi     = {10.4054/demres.2019.41.43},
}

@Article{shkolnikov2011losses,
  author    = {Shkolnikov, Vladimir M and Andreev, Evgeny M and Zhang, Zhen and Oeppen, James and Vaupel, James W},
  title     = {Losses of expected lifetime in the United States and other developed countries: methods and empirical analyses},
  journal   = {Demography},
  year      = {2011},
  volume    = {48},
  number    = {1},
  pages     = {211--239},
  owner     = {ugofil},
  publisher = {Springer},
  timestamp = {2018.02.20},
}

@Article{aburto2018lifespan,
  author    = {Jos{\'{e}} Manuel Aburto and Alyson van Raalte},
  title     = {{Lifespan Dispersion in Times of Life Expectancy Fluctuation: The Case of Central and Eastern Europe}},
  journal   = {Demography},
  year      = {2018},
  volume    = {55},
  number    = {6},
  pages     = {2071--2096},
  month     = {nov},
  doi       = {10.1007/s13524-018-0729-9},
  publisher = {Springer Science and Business Media {LLC}},
}

@Article{siler1983parameters,
  author  = {Siler, Willian},
  title   = {{P}arameters of {M}ortality in {H}uman {P}opulations with {W}idely {V}arying {L}ife {S}pans},
  journal = {Statistics in Medicine},
  year    = {1983},
  volume  = {2},
  pages   = {373-380},
}

@Article{nepomuceno2019cohort,
  author  = {Nepomuceno, M. R. and Canudas-Romo, V.},
  title   = {{A Cohort Survival Comparison of Central and Eastern European and High-Longevity Countries}},
  journal = {Population (English edition)},
  year    = {2019},
  volume  = {74},
  number  = {3},
  pages   = {281--300},
}

@Article{wilmoth2019protocol,
  author    = {Wilmoth, J.R. and Andreev, K. and Jdanov, D. and Glei, D.A. and Riffe, T. and Boe, C. and Bubenheim, M. and Philipov, D. and Shkolnikov, V. and Vachon, P. and Winat, C. and Barbieri, M.},
  title     = {{Methods Protocol for the Human Mortality Database. Last Revised: October 5, 2019 (Version 6)}},
  year      = {2019},
  owner     = {ugofil},
  timestamp = {2019.07.03},
}

@Article{alho1992comment,
  author    = {Juha M. Alho},
  title     = {{M}odeling and {F}orecasting {U}.{S}. {M}ortality: {C}omment},
  journal   = {Journal of the American Statistical Association},
  year      = {1992},
  volume    = {87},
  number    = {419},
  pages     = {673--674},
  publisher = {[American Statistical Association, Taylor \& Francis, Ltd.]},
  url       = {http://www.jstor.org/stable/2290203},
}

@Article{alho2000discussion,
  author    = {Juha M. Alho},
  title     = {{{\textquotedblleft}The Lee-Carter Method for Forecasting Mortality, with Various Extensions and Applications{\textquotedblright}: Discussion}},
  journal   = {North American Actuarial Journal},
  year      = {2000},
  volume    = {4},
  number    = {1},
  pages     = {91--93},
  doi       = {10.1080/10920277.2000.10595883},
  publisher = {Informa {UK} Limited},
}

@Book{bonynge1852future,
  title     = {{T}he future wealth of {A}merica},
  publisher = {New York},
  year      = {1852},
  author    = {Bonynge, F.},
}

@Article{dejong2006extending,
  author    = {de Jong, P. and Tickle, L.},
  title     = {{E}xtending {L}ee-{C}arter mortality forecasting},
  journal   = {Mathematical Population Studies},
  year      = {2006},
  volume    = {13},
  pages     = {1--18},
  file      = {:/home/giancarlo/WORK/Bibliography/MSF/LeeCarter/DeJongTickleExtendingLC2006.pdf:PDF},
  owner     = {giancarlo},
  timestamp = {2016.08.29},
}

@Book{girosi2008demographic,
  title     = {{D}emographic {F}orecasting},
  publisher = {Princeton University Press},
  year      = {2008},
  author    = {Girosi, Federico and King, Gary},
  file      = {:/home/giancarlo/WORK/Bibliography/AOB/Books/GirosiKingForecasting/GirosiKingDemographicForecasting2008.pdf:PDF},
  owner     = {giancarlo},
  timestamp = {2016.08.29},
}

@TechReport{girosi2007understanding,
  author      = {Girosi, F. and King, G.},
  title       = {{U}nderstanding the {L}ee-{C}arter {M}ortality {F}orecasting {M}ethod},
  institution = {RAND Corporation},
  year        = {2007},
}

@Article{barbieri2018drug,
  author  = {Barbieri, Magali},
  title   = {{The contribution of drug-related deaths to the US disadvantage in mortality}},
  journal = {International Journal of Epidemiology},
  year    = {2018},
  volume  = {48},
  number  = {3},
  pages   = {945--953},
}

@Article{bollaerts2006simple,
  author    = {Bollaerts, Kaatje and Eilers, Paul H.~C. and van Mechelen, Iven},
  title     = {{S}imple and multiple {P}-splines regression with shape constraints},
  journal   = {British Journal of Mathematical and Statistical Psychology},
  year      = {2006},
  volume    = {59},
  pages     = {451--469},
  file      = {:/home/giancarlo/WORK/Bibliography/PsplinesSmoothing/Psplines/BollaertsEtAlShapeConstraints2006.pdf:PDF},
  owner     = {giancarlo},
  timestamp = {2012.10.09},
}

@Article{brouhns2005bootstrapping,
  author    = {Brouhns, N. and Denuit, M. and Van Keilegom, I.},
  title     = {{B}ootstrapping the {P}oisson log- bilinear model for mortality forecasting},
  journal   = {Scandinavian Actuarial Journal},
  year      = {2005},
  volume    = {3},
  pages     = {212--224},
  owner     = {camarda_cg},
  timestamp = {2017.07.19},
}

@Article{czado2005bayesian,
  author    = {Czado, C. and Delwarde, A. and Denuit, M.},
  title     = {{B}ayesian {P}oisson log-bilinear mortality projections},
  journal   = {Insurance: Mathematics \& Economics},
  year      = {2005},
  volume    = {36},
  pages     = {260--284},
  file      = {:/home/giancarlo/WORK/Bibliography/MSF/LeeCarter/CzadoBaysianPoiLC2005.pdf:PDF},
  owner     = {giancarlo},
  timestamp = {2016.08.29},
}

@Article{dellaportas2001bayesian,
  author    = {Dellaportas, P. and Smith, A. and Stavropoulos, P.},
  title     = {Bayesian analysis of mortality data},
  journal   = {Journal of Royal Statistical Society. Series A},
  year      = {2001},
  volume    = {164},
  pages     = {275--291},
  file      = {:/home/giancarlo/WORK/Bibliography/Demography/DemoModels/DellaportasBayesianHeligPol2001.pdf:PDF},
  owner     = {giancarlo},
  timestamp = {2016.08.29},
}

@Article{ebeling2018how,
  author  = {Ebeling, Marcus},
  title   = {{H}ow {H}as the {L}ower {B}oundary of {H}uman {M}ortality {E}volved, and {H}as {I}t {A}lready {S}topped {D}ecreasing?},
  journal = {Demography},
  year    = {2018},
  volume  = {55},
  pages   = {1887--1903},
}

@Article{forfar1987changing,
  author    = {Forfar, D. O. and Smith, D. M.},
  title     = {The changing shape of {E}nglish life tables},
  journal   = {Transactions of the Faculty of Actuaries},
  year      = {1987},
  volume    = {40},
  pages     = {98--134},
  owner     = {ugofil},
  publisher = {Cambridge University Press},
  timestamp = {2017.09.27},
}

@Article{goldstein2011secular,
  author      = {Goldstein, Joshua R.},
  title       = {{A} {S}ecular {T}rend toward {E}arlier {M}ale {S}exual {M}aturity: {E}vidence from {S}hifting {A}ges of {M}ale {Y}oung {A}dult {M}ortality},
  journal     = {PLoS ONE},
  year        = {2011},
  volume      = {6},
  number      = {8},
  pages       = {e14826. doi:10.1371/journal.pone.0014826},
  file        = {:/home/giancarlo/WORK/Bibliography/Demography/DemoModels/GoldsteinMPIDRwp2010.pdf:PDF},
  institution = {Max Planck Institute for Demographic Research},
  owner       = {giancarlo},
  timestamp   = {2011.02.03},
  type        = {Working Paper},
}

@Article{haberman2008mortality,
  author    = {Haberman, S. and Renshaw, A. E.},
  title     = {{M}ortality, longevity and experiments with the {L}ee–{C}arter model},
  journal   = {Lifetime Data Analysis},
  year      = {2008},
  volume    = {14},
  pages     = {286--315},
  file      = {RenshawHabermanReviewLC2008.pdf:MSF/LeeCarter/RenshawHabermanReviewLC2008.pdf:PDF},
  owner     = {giancarlo},
  timestamp = {2016.08.29},
}

@Article{hartmann1987past,
  author    = {Hartmann, Michael},
  title     = {Past and recent attempts to model mortality at all ages},
  journal   = {Journal of Official Statistics},
  year      = {1987},
  volume    = {3},
  number    = {1},
  pages     = {19--36},
  owner     = {ugofil},
  publisher = {Statistics Sweden (SCB)},
  timestamp = {2017.09.27},
}

@Book{harville1997matrix,
  title     = {{M}atrix {A}lgebra from a {S}tatistician's {P}erspective},
  publisher = {Springer},
  year      = {1997},
  author    = {Harville, David A.},
  owner     = {giancarlo},
  timestamp = {2012.11.29},
}

@Article{levitis2011before,
  author    = {Levitis, D. A.},
  title     = {Before senescence: the evolutionary demography of ontogenesis},
  journal   = {Proceedings of the Royal Society B: Biological Sciences},
  year      = {2011},
  volume    = {278},
  number    = {1707},
  pages     = {801--809},
  owner     = {giancarlo},
  timestamp = {2016.09.28},
}

@Article{li2017optimizing,
  author    = {Li, H. and Li, J. S.},
  title     = {{O}ptimizing the {L}ee-{C}arter {A}pproach in the {P}resence of {S}tructural {C}hanges in {T}ime and {A}ge {P}atterns of {M}ortality {I}mprovements},
  journal   = {Demography},
  year      = {2017},
  volume    = {54},
  number    = {3},
  pages     = {1073--1095},
  owner     = {camarda_cg},
  timestamp = {2018.03.07},
}

@Article{mcnown1992forecasting,
  author    = {McNown, R. and Rogers, A.},
  title     = {{F}orecasting cause-specific mortality using time series methods},
  journal   = {International Journal of Forecasting},
  year      = {1992},
  volume    = {8},
  pages     = {413--432},
  file      = {McNownRogersForeCause1992.pdf:Demography/CauseofDeath/McNownRogersForeCause1992.pdf:PDF},
  owner     = {giancarlo},
  timestamp = {2016.08.29},
}

@Book{PrestonMortPattern1976,
  title     = {{M}ortality {P}atterns in {N}ational {P}opulations. With special reference to recorded causes of death.},
  publisher = {Academic Press},
  year      = {1976},
  author    = {Preston, Samuel H.},
  owner     = {giancarlo},
  timestamp = {2016.08.29},
}

@PhdThesis{remund2015jeunesses,
  author    = {Remund, A.},
  title     = {{J}eunesses vuln\'erables? {M}esures, composantes et causes de la surmortalit\'e des jeunes adultes},
  school    = {University of Geneva},
  year      = {2015},
  owner     = {giancarlo},
  timestamp = {2016.09.28},
}

@Article{renshaw2003leecarterAPPSTAT,
  author    = {Renshaw, A. E. and Haberman, S.},
  title     = {{L}ee-{C}arter {m}ortality {f}orecasting: a {p}arallel {g}eneralized {l}inear {m}odelling {a}pproach for {E}ngland and {W}ales {m}ortality {p}rojections},
  journal   = {Applied Statistics},
  year      = {2003},
  volume    = {52},
  pages     = {119--137},
  file      = {RenshawHabermanLCandGLM2003.pdf:MSF/LeeCarter/RenshawHabermanLCandGLM2003.pdf:PDF},
  owner     = {giancarlo},
  timestamp = {2016.08.29},
}

@Article{renshaw2003lee,
  author    = {Renshaw, Arthur E. and Haberman, Steven},
  title     = {Lee--{C}arter mortality forecasting with age-specific enhancement},
  journal   = {Insurance: Mathematics and Economics},
  year      = {2003},
  volume    = {33},
  number    = {2},
  pages     = {255--272},
  owner     = {ugofil},
  publisher = {Elsevier},
  timestamp = {2017.09.27},
}

@Article{rogers1994parameterizing,
  author    = {Rogers, Andrei and Little, Jani S},
  title     = {Parameterizing age patterns of demographic rates with the multiexponential model schedule},
  journal   = {Mathematical Population Studies},
  year      = {1994},
  volume    = {4},
  number    = {3},
  pages     = {175--195},
  owner     = {ugofil},
  publisher = {Taylor \& Francis},
  timestamp = {2016.10.04},
}

@InCollection{vaupel1997trajectories,
  author    = {Vaupel, James W.},
  title     = {{T}rajectories of {M}ortality at {A}dvanced {A}ges},
  booktitle = {{Between Zeus and the Salmon: The biodemography of longevity}},
  publisher = {National Academy Press},
  year      = {1997},
  editor    = {Wachter, Kenneth W. and Finch, Caleb Ellicott},
  pages     = {17--37},
  address   = {Washington, DC},
  owner     = {giancarlo},
  timestamp = {2016.08.29},
}

@TechReport{wilmoth1993computational,
  author      = {Wilmoth, John R},
  title       = {Computational methods for fitting and extrapolating the {L}ee-{C}arter model of mortality change},
  institution = {Technical report, Department of Demography, University of California, Berkeley},
  year        = {1993},
  owner       = {ugofil},
  timestamp   = {2017.09.27},
}

@InCollection{sevcikova2016agespecific,
  author    = {\v{S}ev\v{c}\'ikov\'a, H. and Li, N. and Kantorova, V. and Gerland, P. and Raftery, A. E.},
  title     = {{A}ge-{S}pecific {M}ortality and {F}ertility {R}ates for {P}robabilistic {P}opulation {P}rojections},
  booktitle = {{T}he {S}pringer series on demographic methods and population analysis: {V}ol. 39. {D}ynamic demographic analysis},
  publisher = {Springer},
  year      = {2016},
  editor    = {Schoen, R.},
  pages     = {285--310},
}

@Article{koissi2006fuzzy,
  author    = {Koissi, Marie-Claire and Shapiro, Arnold F.},
  title     = {{F}uzzy formulation of the {L}ee–{C}arter model for mortality forecasting},
  journal   = {Insurance: Mathematics and Economics},
  year      = {2006},
  volume    = {39},
  pages     = {287--309},
  file      = {KoissiFuzzyLC2006.pdf:MSF/LeeCarter/KoissiFuzzyLC2006.pdf:PDF},
  owner     = {giancarlo},
  timestamp = {2016.08.29},
}

@Comment{jabref-meta: databaseType:bibtex;}
